2930 4658
675 220 743 332 '16

580 455 651 518 Act.
675 454 712 533 V,
734 475 818 518 scen.
841 459 871 519 7.

244 537 287 598 Te
308 536 519 618 exspectabam
541 558 568 600 e.
593 559 623 621 q.
645 559 670 601 s.

239 617 316 686 Post
336 640 460 686 versum
483 620 613 687 deinde:
642 623 774 685 Ucorem
797 629 825 682 et
846 618 926 680 doris
945 638 999 680 sea
1020 620 1137 684 talenta
1158 622 1290 703 spondeo

154 703 230 771 addi
252 703 336 770 vult:
359 709 486 787 ,ἀραίων
507 704 592 769 intus
614 704 741 789 siquid
760 713 804 766 est
824 702 908 786 quod
926 712 1034 766 restat.
1072 727 1110 767 ω.
1129 705 1286 769 Plaudite.

239 787 300 855 Sed
323 795 361 855 ut
382 790 541 865 omittam,
570 799 692 873 quanta
714 788 845 852 libidine
867 787 991 870 singula
1012 797 1194 853 constructa
1217 791 1289 867 sint,

155 873 235 938 haec
254 872 421 939 Bitschelii
442 875 586 957 quamvis
606 873 763 956 sagaciter
784 872 964 954 excogitata
987 871 1081 955 plane
1102 894 1290 956 supervaca-

155 978 218 1023 nea
236 962 345 1023 tamen
366 957 515 1022 videntur
537 956 614 1022 mihi
636 978 713 1023 esse.
758 956 868 1039 Neque
890 956 974 1020 enim
996 958 1029 1020 in
1056 958 1124 1040 ipsa
1148 958 1290 1040 quadam

155 1041 264 1108 fabula
285 1045 410 1113 actione
433 1042 518 1107 hunc
541 1042 678 1106 alterum
700 1043 831 1120 exitum,
854 1042 922 1104 eius
942 1042 998 1124 qui
1019 1042 1052 1105 in
1069 1041 1218 1107 Bembino
1241 1050 1290 1105 est
1365 1117 1371 1127 ¹

155 1127 241 1206 loco,
273 1136 459 1210 usurpatum
489 1126 585 1191 inisse
611 1127 799 1212 putaverim.
843 1125 933 1204 Quod
956 1127 1003 1189 ita
1024 1146 1092 1189 esse
1114 1126 1214 1190 multa
1236 1126 1287 1190 de·

155 1218 336 1277 monstrant
357 1217 390 1275 et
410 1212 623 1276 consentiunt.
668 1213 703 1275 In
727 1217 745 1275 5
767 1211 838 1275 istis
859 1210 1033 1289 codicibus,
1069 1210 1136 1292 qui·
1155 1210 1288 1274 alterum

155 1297 277 1362 exitum
292 1295 450 1369 exhibent,
473 1317 581 1360 versus
597 1298 690 1379 positi
708 1303 782 1360 suut
804 1316 841 1360 eo
863 1316 926 1378 quo
943 1294 1086 1359 Donatus
1107 1293 1202 1358 affert
1223 1295 1291 1358 loco

155 1385 229 1465 post
248 1401 390 1447 versum:
424 1381 558 1464 Sequere
578 1380 638 1444 bac
658 1382 761 1456 intas,
797 1401 898 1462 neque
928 1380 993 1443 ulta
1022 1400 1072 1444 res
1093 1380 1126 1443 in
1151 1378 1292 1444 versibus

159 1468 208 1530 13.
230 1470 263 1530 et
288 1470 335 1530 14.
358 1471 497 1546 mutata,
533 1468 667 1531 omissus
689 1472 738 1530 est
758 1485 866 1529 versus
889 1466 1049 1545 Propera,
1078 1485 1199 1527 acrem
1220 1463 1293 1527 eine

154 1550 212 1634 qui
230 1549 381 1629 auferant
396 1572 475 1614 eam.
511 1549 587 1634 qaid
600 1560 676 1624 seca,
700 1551 778 1634 qaid
791 1550 916 1612 cesses?
938 1570 982 1611 eo.
1017 1548 1111 1613 Hunc
1126 1556 1212 1613 stare
1228 1568 1291 1613 uon

156 1654 248 1733 posse
268 1641 420 1718 apparet3
457 1634 585 1700 fabulae
614 1635 698 1699 euim
728 1636 753 1699 si
784 1626 847 1699 ueri
878 1635 941 1697 iam
968 1632 1041 1697 finis
1064 1632 1169 1711 fieret,
1206 1631 1291 1721 quod

155 1738 260 1784 iussus
274 1725 344 1783 erat
361 1718 483 1783 Davum
498 1720 626 1803 exsequi
643 1719 819 1804 oportebat.
865 1718 980 1782 dilatis
1005 1723 1041 1781 17
1065 1718 1208 1782 versibus
1229 1718 1292 1783 duo

156 1802 262 1868 ultimi
283 1824 392 1868 versus
419 1804 581 1869 adduntur
611 1806 665 1887 qui
692 1806 725 1868 in
756 1803 870 1881 ceteris
898 1803 1058 1867 codicibus
1087 1803 1212 1867 insunt:
1242 1805 1293 1867 Ne

87 1934 89 1939 >
156 1888 334 1971 exspectetis
354 1893 387 1952 et
408 1889 500 1952 Iotae
522 1889 721 1970 transipetar.
766 1888 814 1953 Ex
841 1886 900 1952 hoc
928 1886 1008 1951 effici
1038 1895 1131 1971 puto,
1164 1890 1293 1953 omnino

30 2015 33 2021 ,
157 1994 221 2039 non
231 1971 328 2037 tuisse
343 1974 603 2057 manuscriptum,
626 1974 659 2038 in
674 1995 737 2058 quo
753 1974 839 2038 solus
854 1973 937 2036 atter
952 1972 1057 2038 exitus
1071 1978 1162 2051 esset,
1185 1972 1292 2038 omissi

157 2065 263 2122 essent
287 2062 306 2123 5
328 2057 376 2122 illi
400 2078 507 2122 versus
523 2058 662 2122 Memini
681 2080 708 2122 e.
731 2080 762 2140 q.
785 2078 824 2135 s.;
847 2057 902 2122 sed
923 2057 1020 2121 fuisse
1042 2059 1292 2142 manuscriptum

156 2141 329 2225 quoddam,
350 2143 382 2206 in
405 2142 495 2208 cuius
516 2142 861 2225 margineadscriptns
882 2142 965 2205 alter
986 2143 1092 2206 exitus
1113 2164 1133 2205 a
1154 2144 1292 2226 quodam

157 2225 285 2291 homine
309 2248 410 2310 neque
433 2246 506 2292 vero
529 2227 567 2290 de
590 2229 702 2311 primu,
725 2234 761 2291 ut
775 2229 822 2291 ita
836 2227 988 2303 dicamus,
1011 2228 1097 2291 exitu
1118 2229 1293 2312 quidquam

156 2318 317 2375 mutatum
339 2319 423 2377 esset
444 2317 572 2395 praeter
594 2312 732 2377 deletum
753 2332 876 2376 versum
893 2312 1046 2393 Propera.
1070 2334 1200 2377 aeeerm.
1248 2315 1296 2379 Ex

159 2396 218 2460 boo
234 2398 451 2481 manuscripto
466 2403 484 2459 5
501 2397 580 2460 istos
595 2396 771 2480 descriptos
792 2417 860 2460 esse
883 2396 1008 2460 codices
1029 2406 1125 2480 atque
1148 2399 1195 2482 (id
1211 2400 1295 2483 quod

158 2479 244 2544 haud
268 2501 342 2546 raro
364 2480 484 2544 tactum
508 2486 570 2558 est)
586 2481 647 2564 -qui
668 2482 701 2545 in
725 2479 888 2562 archetypi
911 2482 1054 2563 margine
1075 2494 1168 2546 erant
1187 2505 1296 2549 versus

159 2563 201 2630 ab
222 2564 262 2628 iis
283 2566 338 2649 qui
353 2565 431 2649 istos
452 2568 715 2650 conscripserunt,
738 2568 770 2629 in
792 2566 895 2649 ipsum
921 2572 1042 2630 textum
1057 2574 1201 2651 receptos
1215 2590 1296 2649 esse3

159 2670 222 2715 uon
236 2669 275 2714 eo
289 2649 416 2734 quidem
431 2649 509 2727 loco,
531 2672 594 2733 quo
616 2651 793 2734 oportebat,
816 2650 876 2714 boc
896 2650 1017 2714 factum
1039 2671 1116 2728 esse,
1137 2654 1294 2738 quispiam

158 2733 357 2800 iudicaverit.
401 2733 465 2798 Sed
486 2755 558 2800 cum
581 2735 622 2800 ad
645 2736 747 2819 ipsam
769 2733 910 2799 fabulam
934 2756 996 2799 uon
1017 2738 1214 2819 pertinerent
1228 2760 1296 2803 ver·

159 2839 222 2897 sus,
245 2818 364 2884 nullius
382 2819 510 2883 omnino
530 2820 626 2902 metii
647 2827 725 2896 erat,
748 2840 811 2903 quo
833 2820 903 2884 loco
926 2818 1149 2886 insererentur.
1192 2825 1295 2907 Atque

160 2902 321 2968 Donatum
341 2904 406 2968 iam
427 2904 601 2987 inspexisse
622 2903 688 2970 tale
710 2904 840 2989 aliquod
862 2906 1112 2989 manuscriptum
1134 2912 1170 2971 17
1188 2929 1295 2973 versus

158 2988 333 3064 continens,
355 3010 395 3053 ex
416 3008 477 3087 quo
499 2989 554 3054 isti
576 2994 594 3053 5
618 2990 788 3073 conscripti
816 2996 905 3064 sunt,
937 3010 1092 3074 apparere
1122 2999 1209 3075 puto.
1258 2993 1295 3058 ln

159 3093 197 3138 eo
226 3072 259 3137 hi
287 3091 396 3137 versus
424 3093 488 3137 ram
512 3075 544 3138 iu
565 3074 671 3157 ipsum
693 3080 817 3140 textum
839 3075 958 3156 recepti
981 3082 1075 3139 erant
1097 3083 1170 3158 post
1191 3077 1295 3155 rerba,

159 3161 340 3241 quaesunt
365 3160 414 3220 Ta
431 3159 523 3222 Dave
543 3158 598 3222 ati
616 3161 760 3238 domam;
791 3180 871 3241 quos
892 3179 963 3223 cum
985 3159 1018 3222 iu
1040 3160 1113 3224 aliis
1134 3161 1297 3227 codicibus

160 3262 225 3306 non
255 3241 428 3322 inveniret,
460 3243 628 3309 adnotavit
657 3244 767 3326 negari
788 3243 930 3308 Terentii
958 3263 1036 3308 esse.
1080 3245 1189 3329 Neque
1212 3254 1296 3311 recte

159 3324 302 3391 iudicare
323 3325 529 3392 Ritsohelium
552 3333 641 3411 puto,
662 3336 803 3393 erratum
826 3330 858 3391 in
881 3327 1030 3394 lemmate
1051 3327 1170 3396 Donati
1192 3332 1296 3396 verbis

159 3411 335 3496 praemisso
363 3413 411 3475 Tu
433 3413 524 3476 Dave
544 3412 599 3475 abi
618 3415 743 3476 domam
766 3412 933 3477 dicentem.

245 3493 354 3559 Solum
377 3496 476 3579 igitur
496 3497 529 3561 iu
551 3497 639 3563 nullo
661 3497 877 3580 manuscripto
907 3496 991 3561 hunc
1017 3497 1152 3563 alterum
1175 3501 1295 3565 exitum

161 3578 258 3647 fuisse
280 3576 393 3643 deletis
414 3582 469 3663 qui
492 3603 529 3648 eo
550 3583 619 3666 ipso
642 3583 866 3664 supervacanei
888 3588 921 3647 et
942 3583 1071 3647 inutiles
1092 3582 1214 3649 fiebant
1229 3607 1296 3650 ver-

161 3663 262 3739 sibus,
300 3662 355 3728 sed
385 3666 523 3747 primum
552 3667 583 3730 in
614 3668 757 3748 margine
786 3666 951 3730 cuiusdam
973 3667 1090 3732 codicis
1110 3670 1295 3751 ascriptum,

162 3748 276 3813 deinde
298 3748 332 3813 in
354 3748 459 3832 ipsum
480 3756 603 3815 textum
625 3758 703 3835 puto
724 3759 885 3835 receptum
910 3771 994 3831 esse,
1026 3771 1220 3837 quamquam
1245 3776 1296 3820 ca-

161 3839 248 3898 reret
269 3852 373 3898 sensu.
420 3833 470 3898 lta
491 3834 575 3898 enirn
598 3855 649 3900 res
670 3840 720 3900 est
740 3841 935 3920 comparata,
957 3842 1072 3900 utnon
1088 3837 1212 3919 possint
1233 3839 1297 3903 duo

161 3918 197 3981 hi
218 3917 323 3981 exitus
344 3918 429 3981 inter
449 3938 483 3982 se
505 3917 569 3983 ullo
591 3926 685 4003 p'acto
706 3920 885 4000 conciliari,
917 3920 972 3985 sed
993 3921 1148 3985 alteruter
1169 3929 1296 3989 tantum

162 4001 197 4064 in
217 4021 313 4067 scena
331 4003 459 4067 recitari
480 4005 629 4085 potuerit.

250 4084 318 4149 lam
339 4085 424 4150 unde
446 4086 572 4151 oriundi
600 4088 665 4151 sint
690 4086 727 4153 hi
755 4106 864 4152 versus
891 4108 1018 4172 quoque
1044 4094 1188 4174 tempore
1215 4098 1248 4157 et
1276 4112 1295 4156 a
