2930 4658
695 250 733 312 12

151 433 313 499 Terentius
333 432 458 498 addidit
479 432 627 517 sadalae'
656 453 731 497 vera
753 454 821 498 esse
843 454 945 516 neque
967 433 1142 516 quidquam
1165 436 1280 501 valere.

145 521 252 601 tique
266 519 334 602 ipse
349 519 432 583 hano
446 517 613 582 audaciam
629 517 754 582 videtur
764 518 973 594 intellexisse;
996 518 1184 584 confirmare
1195 521 1279 585 enim

146 623 216 669 eam
239 603 347 667 studet
368 604 440 668 aliis
462 602 581 668 additis
603 604 799 683 argumentis
820 624 858 668 ex
881 603 1020 667 Terentii
1049 604 1176 670 fabulas
1205 607 1279 669 scri·

144 687 240 753 bendi
263 691 387 753 ratione
409 688 592 771 desumptis.
638 687 786 752 Luscium
809 687 1048 769 diligentissime
1070 689 1208 771 Graecas
1234 689 1279 753 f-

144 773 228 838 ialas
259 779 434 837 vertentem
463 793 526 837 non
548 772 659 836 tulisse
681 780 775 855 putat
796 779 924 836 tantam·
942 772 1103 836 licentiam
1125 787 1277 856 quantam

145 856 265 923 additis
285 857 324 922 de
345 878 403 922 suo
425 856 549 922 duabus
570 857 713 941 personis
728 857 894 921 Terentius
915 857 974 921 sihi
997 856 1176 927 indulserit:
1200 858 1280 922 reri-

144 942 247 1007 simile
276 962 345 1007 esse
373 948 485 1021 negat,
518 941 701 1005 Terentium
723 944 756 1005 in
779 942 883 1026 prima
904 962 1000 1025 quam
1024 944 1149 1026 scripsit
1169 942 1281 1006 fabula

144 1026 275 1109 solaque
297 1028 329 1091 in
352 1026 452 1090 eade
474 1047 531 1089 suo
552 1025 714 1090 addidisse
736 1026 817 1091 duas
838 1046 990 1109 personas
1012 1027 1122 1109 quiin
1149 1027 1281 1109 reliquis

143 1111 261 1176 fabulis
282 1132 380 1194 quum
401 1111 605 1176 exercitatior
625 1117 659 1174 et
679 1111 831 1176 audacior
851 1117 935 1176 esset
956 1131 1129 1194 numquam
1146 1111 1206 1176 hoc
1220 1110 1279 1176 sibi

144 1197 361 1280 assumpserit
406 1196 448 1260 nt
477 1202 561 1260 recte
590 1195 630 1258 de
653 1194 713 1260 hac
734 1195 844 1260 fabula
866 1196 918 1274 (de
941 1196 1095 1260 Eunucho
1118 1196 1282 1262 videamus

143 1280 242 1363 inira)
265 1280 325 1345 hoc
347 1280 425 1345 mihi
447 1279 573 1345 ridetur
594 1280 759 1345 iudicasse.
804 1282 1004 1363 Quamquam
1027 1281 1111 1343 enim
1134 1281 1162 1344 ei
1184 1301 1281 1364 oppo-

143 1385 216 1444 nas,
239 1386 310 1430 eam
331 1366 434 1449 ipsam
456 1364 496 1428 ob
519 1385 596 1442 rem,
618 1365 703 1447 qnod
726 1367 830 1448 prima
851 1371 921 1430 erat
941 1365 1068 1442 fabula,
1096 1365 1280 1429 Terentium

143 1470 207 1516 non
228 1451 292 1514 iam
315 1450 463 1534 peritum,
484 1448 633 1513 Luscium
656 1449 715 1514 hoc
736 1450 796 1514 sibi
817 1451 942 1514 crimini
965 1471 1140 1527 versurum,
1161 1449 1201 1514 de
1223 1470 1280 1514 suo

142 1535 303 1601 addidisse
324 1554 478 1619 personas
498 1532 669 1597 verisimile
691 1554 769 1612 esse,
792 1541 899 1599 tamen
923 1535 982 1600 hoo
1003 1556 1024 1600 a
1045 1534 1194 1598 Terentio
1215 1555 1280 1598 non

142 1620 262 1685 iactum
284 1639 353 1685 esse
375 1619 519 1702 sequitur
539 1637 579 1682 ex
600 1639 637 1683 eo
659 1620 743 1701 quod
766 1640 787 1683 a
809 1619 923 1684 Luscio
950 1620 990 1683 ob
1018 1619 1052 1684 id
1078 1619 1279 1684 commissum

142 1725 315 1788 numquam
339 1711 450 1788 postea
471 1703 684 1785 vituperatum
718 1725 819 1787 neque
849 1705 934 1768 enim
963 1704 1138 1769 eiusmodi
1160 1704 1279 1768 crimen

142 1809 163 1854 a
184 1789 334 1854 Terentio
355 1790 388 1852 in
410 1788 549 1871 prologis
570 1787 762 1853 defenditur.

227 1874 289 1940 Sed
317 1873 444 1938 etiamsi
472 1893 492 1936 a
521 1878 627 1937 vetere
658 1873 828 1938 scholiasta
858 1874 978 1958 scripta
1006 1893 1074 1938 esse
1102 1871 1180 1937 haec
1203 1872 1280 1937 ‘Has

141 1979 295 2044 personas
316 1957 483 2023 Terentius
505 1957 556 2022 ss‘
578 1958 741 2027 concedas.
763 1958 796 2023 id
820 1966 927 2023 tamen
950 1979 989 2023 ea
1010 1958 1116 2021 valere
1139 1964 1217 2041 puto
1243 1965 1281 2023 ut

142 2045 185 2109 sit
206 2045 280 2107 Har
297 2054 449 2126 mennas
471 2064 509 2104 ea·
533 2042 696 2107 Perinthia
720 2044 880 2107 Terentius
903 2043 1027 2105 addidit
1049 2042 1188 2115 fabulae.
1235 2044 1281 2108 ho

142 2127 278 2212 primum
301 2127 432 2211 quidam
455 2125 603 2190 ‘rabulae‘
625 2127 685 2192 hoc
713 2127 781 2192 loco
809 2150 872 2193 non
903 2127 943 2191 ad
965 2127 1122 2203 Terentii,
1154 2127 1210 2191 sed
1238 2128 1280 2192 ad

142 2212 311 2278 Menandri
327 2212 480 2281 Andriam
497 2212 656 2294 pertinere
670 2213 863 2296 putaverim:
886 2218 983 2293 atque
998 2213 1109 2275 eodem
1130 2212 1199 2275 iure
1221 2213 1281 2277 hoo

141 2297 210 2363 fieri
233 2297 326 2363 licere
349 2296 473 2360 videtur
495 2315 557 2377 qno
580 2297 761 2379 fragmenta
776 2297 843 2362 solo
860 2296 1026 2361 Menandri
1042 2297 1167 2360 nomine
1182 2295 1282 2361 allata

142 2382 184 2446 ad
197 2382 348 2446 Andriam
366 2380 533 2444 Menandri
555 2383 725 2465 pertinent.
770 2385 876 2465 Atque
897 2381 974 2465 qnid
997 2382 1055 2446 sibi
1080 2381 1178 2445 velint
1199 2402 1281 2465 quae

141 2471 334 2550 sequnntur:
373 2468 460 2529 Nam
493 2487 555 2527 non
581 2475 654 2530 sant
675 2467 762 2548 apud
783 2467 999 2530 Menandrum
1021 2466 1068 2545 (id
1091 2472 1140 2530 est
1161 2467 1200 2530 in-
1216 2468 1282 2529 Au-

141 2550 212 2616 dria
237 2550 431 2629 Menandri),
456 2550 517 2612 nisi
540 2552 719 2634 oppositum
742 2556 851 2634 putes,
873 2571 943 2614 esse
964 2571 1018 2615 eas
1040 2553 1072 2614 in
1095 2549 1282 2615 Perinthia?

142 2635 223 2701 Cum
258 2656 320 2699 non
352 2634 431 2717 ipsis
460 2633 564 2698 verbis
592 2634 732 2700 addatur
760 2655 815 2700 eas
843 2656 882 2699 ne
909 2636 942 2698 in
965 2634 1129 2700 Perinthia
1151 2634 1280 2718 quidem

141 2726 251 2800 ansel)
282 2719 378 2784 licere
400 2718 513 2803 opinor
534 2719 581 2782 ita
602 2719 771 2802 explicari,
808 2725 846 2783 ut
873 2741 913 2784 ex
937 2720 1099 2784 Perinthia
1121 2720 1280 2784 addidisse

141 2805 323 2870 Terentium
346 2808 504 2887 putemus.
548 2804 615 2868 lam
640 2804 666 2868 si
688 2804 723 2869 id
750 2804 856 2868 valere
885 2804 963 2869 velis
992 2805 1071 2868 haec
1099 2805 1208 2882 verba,
1240 2805 1280 2869 de

141 2910 199 2957 suo
228 2887 388 2954 addidisse
411 2887 596 2952 Terentium
625 2908 788 2973 personas,
817 2888 878 2954 hoc
911 2891 958 2951 ‘de
988 2890 1053 2952 sno’
1075 2888 1279 2954 scholiastam

141 2972 324 3040 additurum
359 2971 455 3036 fuisse
488 2979 521 3036 et
553 2979 639 3037 certe
676 2972 858 3037 addendum
896 2974 925 3038 ei
958 2973 1055 3037 fuisse
1090 2974 1280 3056 putaverim.

141 3058 268 3125 Scholia
291 3058 428 3138 denique
449 3057 490 3120 ad
514 3054 551 3134 V,
575 3062 604 3135 6,
630 3061 668 3121 13
690 3058 801 3122 insunt
823 3057 920 3123 haec:
958 3057 1040 3127 Quia
1072 3067 1101 3120 et
1132 3059 1281 3122 audacter

141 3151 171 3208 et
191 3141 359 3222 artificiose
381 3140 467 3203 dines
486 3163 609 3206 amores
630 3143 764 3206 damam
787 3142 1025 3206 adolescentiam
1047 3151 1076 3204 et
1097 3142 1187 3207 Mnus
1202 3164 1280 3225 nup·

142 3227 203 3292 tiae
224 3228 258 3290 in
281 3249 345 3290 aaa
366 3225 481 3304 fadaia
503 3225 700 3290 machinatus
722 3237 783 3302 est,
816 3237 845 3289 et
873 3226 908 3289 id
937 3235 1025 3290 entra
1051 3228 1280 3309 praescriptum

140 3310 318 3376 Menandri
346 3310 434 3373 euius
462 3311 653 3374 comoediam
682 3311 893 3390 nansfaeiat
922 3332 963 3373 rs.
1017 3311 1107 3389 Quod
1137 3311 1278 3376 scholion

141 3415 335 3480 quamquam
357 3415 421 3458 non
447 3395 515 3460 sine
536 3396 660 3460 mendis
682 3396 838 3460 traditum
861 3400 925 3473 est,
956 3395 988 3459 id
1011 3402 1118 3460 tamen
1142 3395 1192 3460 his
1212 3417 1279 3459 ver·
1387 3462 1391 3470 ,

140 3481 195 3547 bis·
204 3480 347 3563 intellegi
362 3485 506 3561 apparet,
531 3484 566 3542 ut
587 3479 647 3557 sit,
669 3481 761 3545 binas
783 3480 911 3563 nuptias
933 3500 1005 3544 eum
1029 3480 1061 3543 in
1083 3501 1149 3546 una
1170 3480 1281 3544 fabula

98 3644 105 3649 p
141 3564 334 3641 machinari,
367 3584 470 3646 neque
499 3562 583 3627 hanc
613 3563 772 3648 duplicem
802 3564 959 3630 notionem
990 3570 1091 3630 tota'm
1120 3567 1154 3628 in
1184 3585 1279 3630 scena
1386 3582 1401 3592 ²
1461 3558 1462 3569 ’

141 3651 259 3735 egisse,
293 3647 348 3713 sed
377 3646 466 3711 aliud
495 3648 529 3712 in
559 3649 725 3732 proscenio
753 3648 840 3713 alind
868 3656 941 3730 post
962 3670 1090 3714 scenam
1112 3649 1278 3727 retulisse;

139 3735 252 3801 fecisse
279 3732 341 3799 hoo
368 3738 461 3798 extra
488 3733 720 3818 praescriptum
742 3733 927 3812 Menandri,
962 3735 1053 3797 ouius
1082 3734 1277 3799 comoediam

140 3817 363 3885 transferebat.
408 3817 588 3881 Excusatur
610 3818 724 3884 deinde
746 3817 831 3902 quod
853 3819 990 3884 mutarit
1004 3818 1213 3883 Menandrum
1237 3820 1278 3884 ab

147 3953 351 3967 m·—

213 4021 234 4089 1)
269 4017 343 4088 quod
360 4016 516 4072 addendum
535 4015 626 4070 fuerat
642 4016 671 4070 in
689 4019 768 4070 tanta
785 4035 828 4084 re;
853 4018 945 4087 agitur
962 4017 1035 4072 enim
1051 4018 1145 4070 utrum
1161 4019 1222 4089 ipse
1239 4019 1277 4073 fs·

143 4090 213 4148 serit
230 4092 392 4160 argumente
409 4086 555 4142 Terentius
573 4103 608 4139 an
626 4103 661 4141 ex
678 4088 789 4142 Graecis
806 4088 980 4143 transtulerit
995 4090 1111 4142 tantum.

1451 4338 1462 4593 ]
