2930 4658
723 217 764 275 20

175 397 227 460 fici
258 398 335 462 mihi
357 397 482 462 ridetur
502 397 654 462 eiusmodi
677 417 804 461 scenam
825 397 865 461 ad
888 396 983 460 finem
1006 398 1103 461 fuisse
1117 397 1312 474 Perinthiae,

176 502 240 565 qua
270 483 457 546 Philumena
484 503 565 546 uxor
595 483 726 546 daretur
753 482 903 546 Charino,
959 484 1100 565 Eamque
1129 481 1312 545 Perinthiae

175 588 301 631 scenam
330 574 387 631 aut
415 589 543 650 prorsus
571 567 771 631 transtulisse
793 577 850 630 ant
872 575 956 630 certe
979 577 1120 630 secutum
1143 589 1210 630 esse
1232 576 1312 649 puto

176 672 248 715 eum
279 654 334 734 qni
360 652 485 716 addidit
513 652 649 715 alterum
675 652 795 715 exitum
821 652 959 715 Andriae
981 652 1130 715 Terentii.
1172 651 1261 714 Hanc
1283 650 1313 714 si

176 739 319 819 sequaris
341 737 540 814 sententiam,
563 737 713 819 expedias
735 737 817 818 quod
842 735 1137 801 affertRitscheliue
1152 741 1189 817 ¹),
1213 735 1312 800 Chre·

176 829 292 885 metem
314 821 420 885 dicere
443 825 476 884 in
499 821 601 886 altero
623 823 709 885 exitu
734 843 760 884 v.
775 826 803 892 5,
827 823 901 884 Non
919 843 1029 885 nouam
1051 821 1111 884 att
1131 844 1195 883 enee
1216 822 1310 883 iotam

177 906 392 978 certationem,
417 905 592 971 Charinum
616 927 643 967 v.
662 912 706 981 15,
731 906 841 970 Amice
862 928 894 968 ee
915 906 1046 969 antehae
1067 928 1130 968 ecee
1155 905 1313 969 Chremeti

176 991 316 1054 tactem
347 990 525 1074 (Ritschelii
552 991 802 1055 emendationem
835 994 1011 1073 sequimur)
1041 999 1075 1054 et
1101 991 1311 1068 Chremetem,

176 1076 312 1139 Etiamsi
339 1077 475 1139 alienam
504 1098 536 1138 ee
564 1099 584 1138 a
611 1075 747 1139 Charino
776 1085 879 1138 tumea
900 1077 1009 1157 meque*
1027 1098 1147 1157 temper
1170 1099 1239 1138 eam
1252 1077 1312 1160 fe-

175 1161 261 1223 cisae
298 1161 438 1238 Quarum
461 1181 566 1224 rerum
590 1163 730 1225 omnium
754 1162 786 1224 in
809 1163 879 1244 ipsa
900 1160 1009 1224 sabula
1030 1160 1151 1225 nullum
1174 1182 1241 1225 esse
1261 1182 1311 1225 ve·

176 1246 304 1328 eligium
326 1246 500 1310 rectissime
523 1256 630 1310 monet
652 1246 859 1323 Ritschelius;
897 1247 952 1309 sed
974 1247 1106 1310 intuisse
1131 1248 1221 1310 eain
1246 1246 1311 1310 Me-

175 1331 291 1394 nandri
314 1331 477 1395 Perinthia
504 1337 640 1413 apparet
668 1332 699 1393 in
730 1351 830 1414 eaque
859 1331 954 1393 etiam
984 1331 1159 1394 Charinum
1188 1331 1311 1415 aliquid

86 1437 89 1444 ·
176 1426 261 1479 certe
291 1416 333 1479 ad
362 1424 583 1495 argumentum
613 1415 772 1498 pertinere
801 1422 834 1480 et
854 1414 1055 1479 Chremetem
1082 1417 1149 1480 eius
1170 1436 1309 1480 amorem

177 1500 298 1564 novisse
325 1507 419 1582 puto:
457 1500 641 1564 Terentium
668 1501 826 1582 permulta
856 1521 964 1564 eorum
988 1522 1069 1584 quae
1092 1504 1124 1565 in
1147 1501 1311 1565 Perinthia

176 1595 269 1649 erant
290 1585 465 1665 neglexisse
488 1594 584 1667 atque
606 1586 686 1648 adeo
708 1586 841 1649 alterins
859 1585 992 1650 Charini
1015 1589 1132 1650 amoris
1153 1596 1309 1668 quantum

176 1669 218 1733 ad
242 1672 345 1753 ipsum
367 1670 545 1751 argumenti
567 1670 662 1734 finem
685 1670 865 1753 pertinebat
886 1669 938 1754 (ad
963 1672 1052 1736 dolos
1074 1671 1153 1734 servi
1182 1673 1310 1735 omnino

176 1775 238 1818 nou
261 1755 452 1837 pertinebat)
475 1755 615 1818 omisisse
638 1755 814 1837 putandum
836 1762 893 1819 est.
947 1756 1056 1838 Neque
1085 1756 1144 1820 hoc
1177 1758 1206 1819 ei
1234 1758 1311 1821 vitio
1351 1776 1354 1780 ·

177 1839 376 1913 venandum,
408 1841 559 1922 quoniam
589 1841 620 1901 iu
652 1861 710 1903 sua
731 1840 842 1904 fabula
863 1840 994 1904 Charini
1016 1862 1123 1906 amore
1145 1842 1254 1906 addito
1276 1841 1309 1904 id

175 1930 300 1989 tantum
320 1926 389 2005 agit
410 1933 446 1987 ut
466 1925 538 2007 plns
558 1924 653 1988 detur
674 1927 791 2008 populo
814 1926 1037 2008 spectandum,
1059 1935 1154 2006 atque
1175 1927 1236 1989 nisi
1258 1947 1308 1988 ve-

175 2011 257 2085 ritus
277 2017 367 2085 esset,
402 2030 441 2072 ne
463 2010 564 2090 magis
586 2010 669 2073 iusto
692 2010 825 2092 simplex
847 2019 930 2073 esset
952 2012 1044 2084 aetio,
1065 2030 1193 2091 prorsus
1215 2010 1307 2071 omit·
1420 2070 1421 2091 q

176 2102 244 2158 tere
265 2095 369 2177 potuit
389 2093 520 2157 Charini
541 2114 663 2179 scenas„
704 2095 813 2176 Neque
836 2115 909 2158 vero
932 2098 957 2158 is
979 2095 1033 2177 qui
1055 2094 1189 2157 alterum
1210 2093 1305 2174 scrip·
1333 2120 1336 2126 ·

177 2181 220 2243 sit
247 2180 380 2254 exitum,
413 2199 484 2242 oum
514 2180 618 2242 minus
643 2181 764 2261 peritus
786 2182 884 2244 totius
906 2180 1031 2245 fabulae
1052 2179 1230 2259 argumenti
1250 2178 1308 2240 mi-

176 2284 296 2346 nusque
319 2264 431 2328 doctus
452 2271 548 2338 esset,
582 2264 740 2328 intellexit
760 2264 1006 2348 permultorum,
1039 2265 1176 2346 quaein
1200 2264 1309 2326 Perin-
1420 2306 1421 2349 )

176 2348 264 2412 thiae
285 2349 373 2412 exitu
395 2354 496 2423 erant,
519 2349 550 2411 in
574 2349 713 2413 Terentii
738 2350 858 2414 Andria
880 2371 943 2413 nou
966 2370 1034 2414 esse
1057 2349 1233 2429 vestigium,
1255 2347 1310 2412 sed

176 2435 281 2498 minus
303 2433 443 2516 prudeus
464 2431 588 2496 addidit
603 2434 784 2498 Perinthiae
805 2437 925 2499 exitum
949 2434 1092 2516 quamvis
1113 2435 1155 2498 ad
1170 2433 1310 2499 Terentii

178 2519 331 2582 Andriam
354 2520 518 2582 nonsatis
541 2526 660 2602 aptum.

264 2607 366 2685 Atque
387 2603 448 2666 heo
470 2605 539 2685 ipsa
560 2624 670 2680 causa,
703 2604 787 2684 quod
809 2625 847 2667 ea
869 2623 951 2685 quae
973 2604 1006 2666 in
1028 2603 1130 2666 altero
1152 2607 1242 2666 exitu
1264 2604 1309 2665 in-

177 2694 254 2752 sunt
277 2708 339 2750 uon
365 2688 484 2751 hahent
504 2688 536 2751 in
560 2689 629 2771 ipsa
650 2688 759 2752 fabula
780 2689 819 2752 ad
845 2688 928 2771 qnod
950 2687 1141 2770 pertineant,
1165 2688 1243 2751 satis
1258 2688 1310 2750 de-

177 2775 349 2837 monstrari
371 2780 457 2855 puto,
480 2771 662 2836 Terentium
678 2795 741 2837 nou
757 2775 918 2855 scripsisse
939 2773 1024 2835 hunc
1045 2773 1175 2837 exitum.
1220 2772 1310 2850 Quod

178 2859 204 2922 si
226 2857 367 2934 fecisset,
390 2856 521 2922 Charini
543 2878 656 2922 scenae
677 2859 771 2941 plane
793 2859 821 2922 ei
843 2858 1015 2922 mutandae
1037 2866 1142 2936 eraut3
1167 2876 1309 2938 namque

177 2944 285 3029 putari
308 2964 371 3007 non
393 2943 466 3006 licet
488 2963 559 3007 eum
581 2941 742 3025 effugisse,
772 2965 810 3007 ea
837 2942 971 3024 quaein
994 2945 1079 3006 exito
1103 2952 1176 3006 sunt
1198 2963 1254 3025 per
1277 2961 1310 3005 se
1420 2962 1421 2995 ³

178 3028 318 3111 intellegi
347 3049 410 3091 uon
441 3049 546 3111 posse,
583 3049 654 3092 eum
691 3030 724 3092 in
755 3030 824 3111 ipsa
854 3027 964 3092 fabula
991 3049 1029 3091 ea
1056 3028 1096 3090 ad
1128 3047 1211 3110 quae
1238 3047 1311 3111 per·

144 3154 148 3161 -
180 3115 306 3177 tineent
325 3112 475 3176 omiserit.

265 3197 414 3280 Denique,
438 3217 500 3278 quo
523 3202 663 3280 tempore
685 3198 813 3261 additus
835 3199 877 3260 sit
899 3197 950 3260 hic
972 3197 1054 3260 alter
1066 3198 1180 3274 exitus,
1202 3197 1308 3279 paucis

180 3282 397 3368 disserendum
418 3281 553 3346 videtur.
599 3287 701 3364 Atque
723 3282 913 3346 Ritsehelius
934 3282 1062 3365 quidem
1093 3284 1126 3346 in
1156 3283 1234 3347 hono
1261 3285 1307 3341 at·

180 3387 241 3450 que
269 3369 401 3448 antiquo
422 3373 516 3450 poeta
538 3387 594 3431 nos
614 3369 734 3430 versari
756 3368 833 3430 dicit
854 3378 887 3431 et
908 3388 928 3430 a
949 3375 1044 3450 poeta
1065 3367 1219 3450 profectos
1241 3382 1308 3426 esse

180 3473 288 3515 versus
310 3451 395 3515 haud
418 3451 517 3515 multo
540 3454 726 3534 posteriore,
755 3453 889 3534 septimo
910 3454 1009 3534 igitur
1030 3474 1060 3535 p.
1085 3474 1114 3515 u.
1138 3474 1162 3514 c.
1181 3448 1318 3512 'saeculo

181 3537 371 3620 compositos
401 3557 468 3600 esse
501 3538 624 3600 conicit.
681 3537 847 3600 Consentit
878 3558 950 3600 cum
982 3558 1019 3600 eo
1041 3535 1077 3601 C.
1101 3537 1309 3599 Hermannus„

181 3622 244 3687 Sed
265 3620 351 3703 quod
373 3642 393 3684 a
414 3620 496 3684 hono
519 3629 552 3684 et
572 3623 704 3702 antiquo
726 3628 821 3703 poeta
842 3642 895 3685 eos
918 3624 1108 3704 compositos
1123 3618 1313 3684 Ritschelius

182 3706 264 3782 vult,
289 3708 327 3770 de
349 3705 408 3770 hae
429 3726 464 3769 re
485 3705 624 3770 dubitari
647 3713 765 3787 potest3
788 3727 955 3785 namnum
978 3708 1113 3771 coniciet
1136 3707 1193 3769 hoc
1215 3725 1254 3767 ex
1277 3724 1313 3766 eo

101 3804 105 3809 '
182 3793 266 3874 quod
296 3812 402 3855 versus
431 3810 450 3853 a
478 3811 511 3854 se
542 3792 610 3872 ipso
632 3792 816 3854 emendatos
844 3798 876 3853 et
898 3797 1008 3854 auctos
1030 3791 1180 3855 Terentio
1203 3791 1313 3871 dignos
1370 3844 1372 3848 ,

182 3884 285 3960 putet,
313 3876 373 3941 hoe
395 3895 468 3939 eum
490 3897 552 3940 non
574 3882 658 3939 recte
681 3877 790 3940 fecisse
811 3877 875 3938 iam
897 3872 1161 3959 supra'vidimus.
1206 3875 1312 3956 Neque

188 4000 389 4010 -ᾐ-ι--ι--ι

255 4065 274 4134 ¹)
310 4065 430 4134 Parerga
446 4082 473 4134 p.
493 4066 553 4119 602.
