2930 4658
691 261 731 323 39

137 445 178 509 611
199 442 284 507 illud
307 443 437 507 nutricis
459 443 598 507 ‘moveo‘.
645 443 783 508 Mulasse
806 442 904 525 igitur
925 440 985 506 hoc
1003 442 1071 508 loco
1082 441 1275 520 Terentium,

140 528 354 592 Menandrum
375 529 420 593 ita
441 530 655 612 composuisse
678 534 756 612 puto
778 534 815 593 ut
834 528 868 591 iu
891 528 961 610 ipsa
982 547 1078 592 scena
1107 533 1276 612 praesente

142 613 285 677 Chaerea
298 613 463 697 Sophrona
477 612 675 678 aChremete
691 614 844 679 arcessita
860 612 950 693 siqua
964 614 1160 696 perspiceret
1178 620 1276 695 atque
1351 627 1359 640 ·

140 698 338 780 Pamphilam
361 699 460 762 civem
484 719 551 762 csse
574 706 767 782 agnosceret.
813 699 862 761 116
883 697 981 780 igitur
1003 718 1054 761 res
1071 704 1145 762 acta
1160 701 1218 772 est,
1240 700 1277 761 ut

138 790 213 867 post
229 782 359 865 Pythiae
382 783 478 848 rerba
498 805 581 866 qnae
603 790 678 848 sunt
700 791 811 866 ‘apage
826 780 867 847 te'
891 781 943 861 (V,
957 786 985 859 2,
998 782 1062 866 65),
1086 802 1158 847 cum
1175 781 1277 846 Chae·

141 889 196 932 rea
214 867 371 950 Thaisque
393 869 424 932 iu
449 888 542 933 scena
562 876 675 941 esseut.
699 869 850 933 Chremes
872 868 1037 931 adveniret
1059 888 1131 931 cum
1153 866 1276 932 nutrice

141 954 278 1036 satisque
306 952 402 1035 longa
431 954 575 1018 oratione
604 956 637 1018 in
665 955 736 1036 ipsa
760 972 856 1017 scena
877 950 917 1015 de
938 951 1035 1034 siguis
1057 958 1090 1015 et
1112 951 1275 1034 agnitione

137 1038 262 1121 puellae
287 1041 395 1102 nutrix
416 1044 533 1121 ageret,
556 1038 701 1104 omnibus
723 1038 837 1102 deinde
860 1036 1030 1101 illustratis
1051 1057 1122 1100 cum
1132 1036 1277 1101 Chaerea

135 1128 168 1186 et
189 1123 313 1186 Thaide
335 1124 464 1188 domum
486 1124 623 1188 intraret
645 1131 681 1186 ut
702 1122 799 1186 etiam
824 1119 991 1205 Pamphila
1018 1121 1116 1186 civem
1147 1142 1180 1186 se
1207 1141 1276 1186 esse

135 1209 254 1272 certior
276 1206 376 1285 fieret,
398 1209 633 1291 relinqueretur
653 1208 722 1272 sola
746 1207 884 1290 Pythias.
929 1206 1020 1271 Hanc
1043 1208 1114 1290 ipsa
1131 1207 1164 1271 in
1180 1226 1276 1271 scena

137 1294 331 1373 agnitionem
354 1295 461 1358 omisit
480 1292 648 1358 Terentius
669 1313 708 1357 66
729 1291 863 1356 16116666
885 1293 923 1357 de
946 1312 1056 1368 causa,
1085 1297 1122 1357 ut
1144 1290 1274 1355 nimiam

138 1379 257 1441 vitaret
280 1378 510 1460 longitudinem
537 1378 739 1462 spatiumque
761 1377 894 1441 haberet
915 1376 1109 1441 Thrasonem
1133 1375 1275 1440 Gnatho·

137 1482 270 1545 nemque
284 1465 400 1528 iterum
417 1462 624 1548 producendi.
669 1463 745 1526 Eius
762 1462 929 1527 Menandri
951 1482 1064 1526 scenae
1087 1463 1155 1526 loco
1177 1461 1275 1526 inter·

138 1551 244 1631 posuit
266 1548 302 1622 V,
327 1553 355 1626 2,
379 1553 418 1612 66
447 1569 546 1632 usque
574 1545 732 1613 adfinem
755 1553 788 1611 et
812 1548 847 1625 V,
870 1552 899 1625 3,
923 1550 1014 1610 2-3.
1066 1546 1172 1611 111666
1199 1553 1275 1629 apte

136 1654 209 1696 eum
240 1632 353 1698 1661666
383 1633 447 1696 iam
479 1654 575 1717 supra
605 1635 809 1710 adnotatum,
846 1631 878 1695 id
908 1631 1037 1695 minime
1064 1630 1274 1714 probandum,

134 1739 238 1801 pauca
260 1719 317 1782 illa
339 1718 523 1802 Sophrouae
541 1718 778 1799 Chremetisque
800 1737 873 1780 eum
896 1716 1027 1797 Pythiae
1049 1737 1156 1780 secum
1178 1716 1275 1780 collo·

135 1803 263 1885 quentis
285 1805 423 1868 sermoni
447 1804 662 1868 immiscuisse.
706 1801 852 1885 Namque
874 1809 910 1865 ut
931 1802 1092 1879 omittam,
1128 1801 1274 1884 Pythiam

132 1889 205 1952 illos
233 1888 313 1953 duos
342 1888 545 1953 advenientes
575 1888 732 1953 videntem
764 1885 874 1971 paucis
903 1885 1006 1949 verbis
1034 1885 1154 1969 alloqui
1182 1907 1274 1970 opor·

131 1975 248 2051 tuisse,
271 1975 385 2037 mirum
409 1973 533 2037 videtur
555 1974 653 2056 quod,
678 1992 775 2055 quam
798 1971 870 2035 iniit
892 1971 1150 2053 disputationem,
1173 1992 1273 2055 usqne

130 2058 174 2123 ad
191 2059 289 2123 verba
305 2059 480 2142 ‘supposuit
495 2058 594 2123 nobis’
608 2058 795 2144 perductam
815 2078 842 2120 v.
859 2061 878 2120 9
893 2056 994 2120 ciram
1018 2056 1139 2133 bonum,
1162 2076 1274 2139 quam·

130 2164 231 2227 quam
253 2146 465 2227 interruptam
487 2147 546 2222 eis,
569 2165 651 2227 quae
674 2142 824 2208 Chremes
846 2141 1012 2220 disseruit,
1034 2147 1159 2221 tamen,
1182 2141 1274 2225 quasi

131 2230 179 2293 nil
201 2228 405 2307 interfuisset,
427 2230 639 2313 persequitur.

223 2315 369 2378 Paullum
393 2321 532 2379 mutasse
554 2314 736 2379 Terentium
766 2313 861 2379 etiam
892 2330 961 2374 eam
983 2309 1110 2374 fabulae
1139 2317 1273 2395 partem,

134 2421 202 2483 qua
224 2421 320 2464 senex
342 2406 433 2482 pater
449 2399 623 2464 Phaedriae
646 2400 759 2483 prodit,
782 2396 949 2480 intellegas
969 2394 1009 2459 iis
1030 2416 1113 2479 quae
1130 2395 1274 2460 llouatus

134 2486 272 2550 adnotat
292 2486 333 2549 ad
360 2485 393 2558 V,
410 2490 439 2562 ὁ,
455 2489 492 2549 31
518 2484 726 2564 Manifestior
746 2483 803 2546 loc
824 2481 1003 2545 Menander
1024 2481 1168 2564 explicat,
1194 2480 1272 2544 iam·

48 2566 49 2573 '
130 2570 258 2653 pridem
279 2569 429 2647 infestum
451 2570 607 2634 meretrici
628 2592 730 2634 senem
749 2577 819 2652 post
840 2575 1020 2648 corruptum
1050 2566 1089 2628 ab
1111 2589 1148 2629 ea
1172 2564 1273 2629 Phae·

51 2678 52 2687 ¹
135 2655 257 2728 siriam·
279 2678 362 2719 nunc
383 2656 506 2719 demum
528 2678 559 2719 se
581 2658 705 2721 incenia
726 2651 884 2718 occasione
898 2650 1139 2715 uindicaturum.
1180 2650 1272 2734 Apud

53 2748 59 2831 Ἰ
137 2740 346 2804 Menandrum
368 2741 467 2822 igitur
488 2744 556 2825 ipse
583 2763 679 2805 senex
706 2742 739 2803 iu
769 2759 863 2803 scena
891 2739 993 2819 magis
1023 2737 1138 2811 saevit;
1175 2756 1273 2818 qnam

55 2836 60 2907 1
135 2824 312 2906 longiorem
335 2827 403 2886 eius
424 2830 598 2891 orationem
620 2828 666 2891 ita
688 2825 800 2889 vitavit
822 2823 989 2887 Terentius
1016 2831 1053 2886 ut
1078 2841 1203 2886 66116111
1233 2821 1273 2887 (16

136 2907 269 2972 consilio
291 2908 374 2970 senis
395 2909 582 2974 referentem
605 2911 733 2976 laceret.

224 2993 290 3055 lam
312 2990 458 3054 omnibus
487 3014 569 3075 quae
598 2994 724 3058 fabulae
754 2994 862 3054 insunt
891 2989 1130 3055 difficultatibus
1160 2989 1273 3055 solutis

139 3074 172 3137 id
194 3081 318 3140 tantum
340 3075 491 3152 restabat,
513 3084 550 3140 ut
571 3077 683 3141 eodem
705 3076 771 3139 1616
792 3074 895 3152 modo,
918 3095 981 3157 quo
999 3074 1137 3140 Andriae
1159 3075 1273 3141 ultima

138 3178 234 3225 scena
254 3158 304 3236 fit,
335 3161 490 3225 Phaedria
511 3163 628 3225 certior
650 3160 742 3224 fieret
762 3159 858 3222 etiam
882 3159 941 3223 sibi
963 3181 1103 3224 amorem
1124 3181 1272 3244 prospere

137 3243 273 3308 evenire.
318 3245 403 3321 Quas
425 3247 466 3311 ad
488 3266 586 3311 noras
608 3268 658 3311 res
680 3242 908 3309 renuntiandas
929 3265 1022 3326 quem
1045 3245 1199 3327 aptiorem
1216 3267 1272 3329 pu-

138 3340 186 3393 tes
210 3329 353 3393 Chaerea
374 3330 458 3413 ipso:
496 3332 589 3416 Apud
612 3330 822 3397 Menandrum
850 3329 949 3411 igitur
970 3331 997 3393 is
1018 3336 1088 3392 erat
1109 3331 1213 3395 exitus
1235 3337 1272 3395 ut

138 3416 282 3481 Chaerea
304 3415 397 3478 domo
419 3436 561 3497 egressus
582 3418 717 3482 referret
739 3416 778 3480 de
794 3434 851 3478 sua
864 3413 1017 3478 felicitate
1035 3414 1271 3499 Phaedriaeque

137 3502 213 3585 quid
230 3500 396 3566 accidisset
411 3504 580 3567 nuntiaret.
604 3503 724 3568 Eadem
740 3501 818 3564 haec
832 3500 941 3563 insunt
951 3499 986 3574 V,
997 3503 1135 3577 8‚1-23
1148 3499 1272 3566 omissis

138 3587 248 3669 paucis
271 3586 448 3651 Gnathonis
470 3588 589 3653 verbis:
613 3587 726 3651 ‘Audin
749 3593 785 3649 tu
808 3584 885 3669 quid
908 3584 959 3648 hic
981 3582 1036 3648 ait'
1059 3583 1095 3659 V,
1118 3587 1146 3658 8,
1170 3590 1198 3663 7,
1221 3592 1270 3651 et:

138 3672 308 3754 ‘Numquid
319 3671 444 3736 Gnatho
454 3673 581 3738 dubitas
591 3674 667 3756 quin
676 3693 734 3754 ego
745 3692 829 3737 nnnc
843 3676 996 3754 perpetuo
1008 3669 1175 3751 perierim?
1196 3669 1282 3736 Siuex

137 3757 233 3820 dubio
256 3756 377 3841 opinor'
395 3757 429 3835 V,
453 3762 482 3834 8,
509 3762 554 3822 13.
599 3761 642 3822 At
664 3757 811 3822 Terentio
832 3754 866 3818 id
889 3754 1005 3838 agenti,
1028 3761 1182 3838 utquam
1204 3776 1271 3822 ma·

135 3844 240 3905 ximus
263 3864 468 3925 personarum
490 3840 653 3908 confluxus
675 3844 708 3907 iu
730 3861 824 3907 scena
838 3846 929 3917 esset,
952 3839 1033 3904 duae
1048 3838 1122 3903 illae
1137 3841 1271 3923 parasiti

138 3928 308 4011 militisque
330 3950 483 4011 personae
505 3931 554 3993 ius
577 3949 668 3993 suum
691 3932 858 3992 exsecutae
881 3946 943 3990 non
972 3945 1039 3989 esse
1069 3927 1154 3989 visae
1184 3933 1268 3990 sunt.

136 4013 257 4079 Thraso
287 4013 319 4076 iu
349 4014 413 4078 fine
441 4020 532 4079 actus
561 4015 666 4098 quarti
689 4014 833 4097 quamvis
853 4011 1028 4076 miserrime
1050 4030 1144 4074 scena
1165 4030 1270 4074 exces-

136 4107 223 4162 serat
244 4098 323 4163 nihil
347 4099 431 4182 apud
452 4099 605 4165 Thaidem
631 4104 818 4165 consecutus
825 4120 834 4173 3
870 4116 972 4179 usque
1000 4103 1108 4159 tamen
1136 4096 1270 4177 parasiti
