2930 4658
683 325 720 385 21

138 529 224 586 vero,
249 507 406 590 quomodo
426 528 510 571 nunc
531 507 596 572 sint
617 509 780 573 constituti
803 529 910 573 versus
933 510 960 573 si
981 510 1132 586 tuemur,'
1146 509 1274 573 omnino

138 594 313 659 asseverari
335 612 425 674 posse
447 593 523 656 mihi
546 593 673 675 quidem
706 595 844 674 videtur,
879 601 984 658 utrum
1008 595 1090 659 bono
1114 614 1155 657 an
1177 594 1273 672 malo,

138 679 274 761 antiqno
287 698 326 740 an
342 699 421 741 novo
442 685 554 761 poetae
577 679 736 743 tribuendi
758 680 831 743 sint.
875 679 984 762 Neque
1006 680 1112 742 minus
1133 679 1172 742 dc
1195 685 1274 743 tem·

138 784 217 848 pore
239 763 277 826 de
298 762 480 826 coniectura
499 768 624 827 tentum
647 764 797 828 iudicium
822 763 905 827 tulit.
949 764 1066 829 Mirum
1090 763 1223 841 videtur,
1246 764 1273 827 si

139 847 273 930 septimo
297 867 368 910 au.
384 848 489 912 saeclo
505 869 614 912 versus
635 850 825 933 compositos
846 870 914 913 esse
937 854 1037 932 putes,
1060 869 1113 911 sos
1134 850 1166 912 in
1184 849 1275 911 Bem-

139 933 214 998 bino
228 938 285 995 aut
300 931 448 1016 Calliopii
465 935 689 1017 manuscriptis
712 955 772 997 non
796 935 947 1012 inveniri3
971 953 1094 1017 eosque
1118 934 1143 996 si
1167 933 1275 1016 paullo

138 1022 211 1100 post
232 1016 370 1080 Terentii
393 1026 526 1082 mortem
548 1019 649 1082 additi
672 1017 820 1097 fuissent,
852 1020 883 1082 in
915 1018 1044 1099 aliquod
1071 1024 1156 1083 certe
1184 1023 1275 1082 vetus

138 1102 277 1166 Terentii
300 1103 549 1187 manuscriptum
570 1111 712 1188 receptos
734 1103 830 1168 fnisse
852 1103 1116 1179 existimaverim,
1150 1103 1276 1166 etiamsi

136 1187 274 1252 fortasse
296 1206 366 1249 oum
389 1187 594 1253 adnotatione
618 1197 691 1252 ‘non
714 1208 780 1251 esse
805 1186 1027 1252 eosTerentii'.
1072 1187 1112 1250 ut
1134 1194 1170 1252 ut
1185 1188 1276 1251 Bem-

137 1272 249 1336 binum
272 1272 429 1349 omittam,
458 1271 647 1357 Calliopium
670 1273 777 1354 quiin
800 1273 1002 1338 recensendis
1024 1278 1166 1335 veterum
1186 1272 1277 1337 libris

139 1377 201 1420 non
230 1376 327 1418 unum
356 1364 479 1419 tantum
502 1359 557 1422 sed
580 1359 756 1442 compluria
778 1365 863 1421 certe
885 1358 964 1422 varii
986 1357 1110 1438 generis
1132 1358 1276 1440 variique

141 1441 234 1524 pretii
257 1441 451 1525 exemplaria
473 1444 642 1527 inspiceret
664 1449 760 1525 atque
781 1443 866 1507 inter
888 1465 920 1507 se
943 1448 1158 1526 compararet,
1191 1448 1276 1506 certe

141 1526 282 1589 visurum
306 1534 338 1588 et
359 1527 586 1592 adnotaturum
609 1528 707 1595 inisse
729 1536 806 1610 puto
829 1531 854 1591 si
877 1529 909 1592 in
933 1548 997 1590 uno
1019 1526 1155 1609 quodam
1172 1547 1278 1590 exem·

140 1611 223 1694 plari
245 1610 317 1693 pius
340 1611 457 1675 inesset
479 1633 574 1695 quam
597 1615 628 1676 in
651 1614 772 1676 ceteris.
817 1613 927 1695 Neque
953 1611 1072 1676 factum
1101 1631 1169 1675 esse
1198 1611 1276 1675 mihi

139 1697 265 1759 videtur
287 1701 324 1758 ut
347 1696 469 1760 nullum
490 1718 529 1760 ex
550 1700 588 1761 iis
604 1697 766 1780 inquibus
782 1697 841 1762 hoo
856 1697 1109 1762 additamentum
1125 1697 1277 1779 scriptum

139 1787 223 1844 esset
244 1783 468 1865 manuscriptis
490 1783 531 1846 ad
555 1782 656 1847 Gallio
680 1784 745 1845 ium
767 1783 956 1865 perveniret.
1001 1782 1088 1860 Quae
1111 1802 1207 1864 quum
1231 1782 1277 1844 ita

141 1866 216 1943 sint,
237 1887 300 1928 non
325 1867 419 1928 nimis
441 1868 593 1931 audacter
614 1804 691 1931 miii
714 1866 822 1930 videor
844 1868 1007 1951 disputare
1029 1872 1104 1929 ante
1128 1865 1276 1949 Calliopii

140 1951 353 2014 recensionem
383 1972 444 2015 non
469 1953 565 2016 fuisse
592 1952 676 2016 hunc
705 1952 841 2015 alterum
870 1952 989 2015 exitum
1019 1951 1074 2014 sed
1103 1959 1176 2035 post
1205 1971 1275 2013 eum

139 2034 264 2098 demum
288 2035 430 2099 additum
456 2057 531 2113 esse,
556 2043 690 2101 exeunte
705 2037 803 2117 igitur
818 2037 913 2100 tertio
928 2035 1055 2099 saeculo
1074 2034 1277 2100 vel'ineuntc

139 2129 270 2204 quart03
293 2142 329 2182 eo
352 2121 433 2183 enim
458 2128 599 2204 tempore
622 2121 797 2203 Calliopius
818 2121 986 2185 recensuit.
1031 2156 1037 2167 ·

170 2268 178 2287 ,
223 2205 285 2269 Sed
308 2206 486 2269 accuratius
508 2208 586 2281 iam,
609 2228 671 2290 quo
692 2212 834 2289 tempore
856 2206 1047 2290 compositus
1069 2206 1119 2280 sit,
1142 2204 1276 2268 iudicari

140 2290 222 2354 licet.
265 2290 424 2354 Donatum
449 2293 532 2355 enirn
556 2312 625 2356 eum
650 2293 773 2355 novisse
795 2312 833 2354 en
849 2291 948 2374 ipsius
964 2290 1082 2354 verbis:
1108 2289 1158 2352 Hi
1172 2310 1275 2352 oerum

140 2397 234 2460 usqae
260 2377 305 2438 od
333 2374 422 2437 illam
448 2378 602 2439 ‘Gnatam
626 2376 681 2438 titi
703 2397 802 2439 meam
823 2375 1040 2438 Philumenam
1064 2377 1200 2437 uxorem’
1222 2397 1275 2437 me·
1343 2454 1345 2459 Ι

138 2469 253 2543 panim
278 2459 415 2524 Terentii
436 2483 514 2535 esse,
551 2463 628 2524 adeo
656 2470 690 2523 at
717 2460 752 2522 im
775 2460 920 2543 pluribus
943 2459 1028 2523 donia
1050 2458 1275 2542 exemplaribus

140 2568 200 2608 noo
214 2546 407 2628 inferentur,
432 2546 639 2629 compositum
663 2545 760 2628 igitur
782 2566 852 2608 eum
870 2566 937 2609 esso
951 2565 988 2609 eo
1003 2545 1086 2627 quod
1105 2545 1188 2608 inter
1204 2543 1275 2608 Cal-

138 2631 268 2714 liopium
292 2637 325 2694 et
349 2630 505 2695 Donatum
529 2639 577 2694 est
597 2637 738 2714 tempora
761 2638 910 2713 apparet,
932 2630 965 2693 id
986 2639 1051 2707 est,
1075 2650 1144 2693 cum
1172 2629 1274 2692 Dona·

137 2722 190 2780 tus
217 2716 321 2777 medio
353 2717 478 2780 saeculo
507 2724 621 2799 quarto
650 2716 699 2778 vel
728 2716 768 2778 ad
797 2715 891 2779 finem
924 2716 991 2779 eius
1022 2723 1119 2792 esset,
1157 2713 1275 2779 saeculi

138 2801 246 2883 quarti
270 2805 320 2864 30.
342 2801 389 2863 vel
411 2806 461 2865 40.
484 2822 577 2865 anno.

225 2885 302 2948 Eam
327 2885 424 2966 igitur
446 2886 549 2949 exitus
570 2887 726 2949 rationem
749 2890 836 2970 puto,
858 2890 895 2948 ut
917 2885 1021 2948 nescio
1043 2884 1114 2966 quis
1134 2882 1274 2967 perlecto

141 2970 286 3052 Calliopii
309 2971 525 3053 manuscripto
547 2971 596 3035 vel
618 2991 668 3046 eo,
692 2971 775 3053 quod
798 2991 818 3032 a
841 2968 988 3052 Calliopii
1010 2969 1191 3032 recensione
1214 2969 1275 3032 ori·

142 3054 244 3133 ginem
268 3062 446 3137 acceperat,
470 3076 541 3119 cum
558 3055 688 3119 Charini
712 3061 820 3139 partes
841 3054 1000 3135 neglectas
1024 3074 1091 3118 esso
1111 3054 1142 3115 in
1165 3052 1275 3118 fabula

142 3156 245 3217 neque
266 3140 406 3203 iuvenem
430 3141 514 3222 quod
536 3143 564 3203 ei
589 3140 763 3203 debebatur
785 3138 910 3221 assequi
932 3138 1090 3212 sensisset,
1115 3138 1197 3201 hunc
1219 3137 1275 3202 ad·
1361 3183 1365 3189 -

142 3220 261 3284 diderit
274 3223 389 3286 exitum
406 3246 508 3308 neque
523 3247 597 3289 vero
613 3227 712 3308 ipsum
730 3230 852 3287 textum
867 3224 1000 3287 mutarit
1015 3223 1068 3287 sed
1084 3243 1142 3285 sna
1157 3223 1273 3306 ascrip-

140 3307 218 3370 serit
241 3312 365 3368 tantnm
388 3310 419 3371 iu
444 3315 601 3394 margine,
634 3310 696 3377 vei.
730 3310 813 3392 quod
838 3308 919 3373 idem
944 3313 1006 3385 est,
1039 3312 1076 3371 ut
1096 3309 1144 3371 vir
1165 3308 1276 3372 doctus

139 3392 188 3457 vel
212 3392 438 3472 grammaticus
461 3395 577 3458 Donati
601 3395 726 3472 similis,
748 3415 819 3457 cnm
841 3414 920 3476 quas
942 3398 1068 3457 secutus
1091 3399 1139 3456 est
1160 3392 1274 3457 Teren-

140 3479 204 3541 tius
227 3476 366 3540 Graecas
388 3477 512 3541 fabulas
533 3502 604 3544 cum
632 3480 751 3543 Andria
772 3479 909 3543 Terentii
934 3483 1148 3561 compararet,
1182 3479 1275 3541 omis-

142 3583 210 3625 sum
240 3582 308 3625 esse
337 3563 368 3625 in
396 3563 514 3627 Andria
536 3565 649 3628 Latina
678 3564 858 3628 Perinthiae
888 3564 1007 3625 exitum
1037 3562 1150 3626 viderit
1178 3571 1275 3646 atque

144 3646 254 3711 Latine
277 3667 461 3712 conversum
484 3649 515 3713 in
540 3651 683 3730 margine
705 3649 877 3727 addiderit,
901 3647 1015 3712 omisso
1039 3654 1095 3711 aut
1116 3649 1206 3711 uncis
1227 3649 1275 3710 in·

142 3732 228 3794 cluso
250 3753 339 3795 versu
365 3743 510 3817 ‘propera
532 3755 656 3798 accerse
679 3756 704 3797 e.
728 3755 758 3816 q.
782 3733 827 3811 s.’,
861 3753 953 3817 quem
983 3737 1068 3797 stare
1096 3754 1156 3795 non
1184 3752 1274 3816 posse

141 3819 344 3897 cognovisset.
377 3819 424 3882 Ex
440 3820 499 3883 hoo
514 3819 738 3900 manuscripto,
761 3817 845 3900 quod
860 3818 961 3882 altero
977 3818 1061 3880 exitu
1078 3818 1111 3881 in
1133 3819 1275 3901 margine

139 3900 277 3983 ascripto
299 3911 427 3968 auctum
449 3910 506 3978 est,
529 3906 668 3987 quinque
684 3902 730 3966 illi
746 3903 868 3967 codices
883 3902 1052 3985 conscripti
1073 3909 1154 3977 sunt,
1178 3907 1274 3983 atque

140 3994 207 4050 tres
229 3988 274 4050 ita
296 3989 433 4051 fideliter
455 4009 537 4071 quae
556 3990 587 4051 in
604 3987 774 4072 archetypo
790 3995 881 4052 erant
895 3993 1108 4065 servaverunt,
1123 3993 1274 4068 utusque

139 4073 180 4136 ad
206 4092 328 4141 versum
353 4081 494 4155 ‘sequere
516 4074 576 4137 hac
598 4075 684 4136 intus
706 4094 732 4137 e.
754 4095 784 4156 q.
808 4073 842 4138 s.'
864 4074 966 4155 ipsum
986 4071 1136 4146 libellum,
1160 4071 1274 4136 deinde

140 4157 404 4240 subscriptionem
428 4158 613 4241 ‘Calliopius
647 4158 808 4237 recensui’,
843 4158 954 4222 deinde
988 4157 1121 4220 alterum
1153 4155 1273 4219 exitum
