<?xml version="1.0" encoding="UTF-8"?>
<!DOCTYPE html PUBLIC "-//W3C//DTD XHTML 1.0 Transitional//EN"
    "http://www.w3.org/TR/xhtml1/DTD/xhtml1-transitional.dtd">
<html xmlns="http://www.w3.org/1999/xhtml" xml:lang="en" lang="en">
 <head>
  <title>
</title>
<meta http-equiv="Content-Type" content="text/html;charset=utf-8" />
  <meta name='ocr-system' content='tesseract 3.04.00' />
  <meta name='ocr-capabilities' content='ocr_page ocr_carea ocr_par ocr_line ocrx_word'/>
</head>
<body>
  <div class='ocr_page' id='page_1' title='image "./quaestionestere01braugoog_0018.png"; bbox 0 0 2930 4658; ppageno 0'>
   <div class='ocr_carea' id='block_1_1' title="bbox 750 273 788 337">
    <p class='ocr_par' dir='ltr' id='par_1_1' title="bbox 750 273 788 337">
     <span class='ocr_line' id='line_1_1' title="bbox 750 273 788 337; baseline 0.026 -1"><span class='ocrx_word' id='word_1_1' title='bbox 750 273 788 337; x_wconf 80' lang='lat'><strong>13</strong></span> 
     </span>
    </p>
   </div>
   <div class='ocr_carea' id='block_1_2' title="bbox 199 455 1339 879">
    <p class='ocr_par' dir='ltr' id='par_1_2' title="bbox 199 455 1339 879">
     <span class='ocr_line' id='line_1_2' title="bbox 199 455 1339 541; baseline -0.003 -20"><span class='ocrx_word' id='word_1_2' title='bbox 199 456 309 521; x_wconf 90' lang='lat' dir='ltr'><strong>eodem</strong></span> <span class='ocrx_word' id='word_1_3' title='bbox 326 455 498 521; x_wconf 77' lang='lat' dir='ltr'><strong>scholiasta</strong></span> <span class='ocrx_word' id='word_1_4' title='bbox 510 456 565 541; x_wconf 91' lang='lat' dir='ltr'><strong>qui</strong></span> <span class='ocrx_word' id='word_1_5' title='bbox 581 476 620 519; x_wconf 87' lang='lat' dir='ltr'><strong>ea</strong></span> <span class='ocrx_word' id='word_1_6' title='bbox 634 476 717 539; x_wconf 90' lang='lat' dir='ltr'><strong>quae</strong></span> <span class='ocrx_word' id='word_1_7' title='bbox 738 477 836 540; x_wconf 90' lang='lat' dir='ltr'><strong>supra</strong></span> <span class='ocrx_word' id='word_1_8' title='bbox 856 455 1171 521; x_wconf 77' lang='lat' dir='ltr'><strong>commemoravimus</strong></span> <span class='ocrx_word' id='word_1_9' title='bbox 1192 460 1243 521; x_wconf 85' lang='lat' dir='ltr'><strong>‘ne</strong></span> <span class='ocrx_word' id='word_1_10' title='bbox 1260 476 1339 540; x_wconf 78' lang='grc' dir='ltr'><strong><em>τρα·</em></strong></span> 
     </span>
     <span class='ocr_line' id='line_1_3' title="bbox 199 536 1339 626; baseline -0.001 -21"><span class='ocrx_word' id='word_1_11' title='bbox 199 536 375 626; x_wconf 74' lang='grc' dir='ltr'><strong><em>γικώτερον</em></strong></span> <span class='ocrx_word' id='word_1_12' title='bbox 395 540 494 605; x_wconf 85' lang='lat' dir='ltr'><strong>lieret’</strong></span> <span class='ocrx_word' id='word_1_13' title='bbox 517 543 712 623; x_wconf 88' lang='lat' dir='ltr'><strong>conscripsit.</strong></span> <span class='ocrx_word' id='word_1_14' title='bbox 756 541 964 605; x_wconf 78' lang='lat' dir='ltr'><strong>Circumcidit</strong></span> <span class='ocrx_word' id='word_1_15' title='bbox 992 541 1091 622; x_wconf 79' lang='lat' dir='ltr'><strong>igitur</strong></span> <span class='ocrx_word' id='word_1_16' title='bbox 1116 545 1150 604; x_wconf 87' lang='lat' dir='ltr'><strong>et</strong></span> <span class='ocrx_word' id='word_1_17' title='bbox 1177 539 1339 605; x_wconf 78' lang='lat' dir='ltr'><strong>contraxit</strong></span> 
     </span>
     <span class='ocr_line' id='line_1_4' title="bbox 200 623 1338 708; baseline 0 -18"><span class='ocrx_word' id='word_1_18' title='bbox 200 627 280 690; x_wconf 90' lang='lat' dir='ltr'><strong>dnos</strong></span> <span class='ocrx_word' id='word_1_19' title='bbox 309 646 432 690; x_wconf 87' lang='lat' dir='ltr'><strong>amores</strong></span> <span class='ocrx_word' id='word_1_20' title='bbox 462 627 517 708; x_wconf 90' lang='lat' dir='ltr'><strong>qui</strong></span> <span class='ocrx_word' id='word_1_21' title='bbox 547 625 668 689; x_wconf 80' lang='lat' dir='ltr'><strong>ultimis</strong></span> <span class='ocrx_word' id='word_1_22' title='bbox 690 625 904 691; x_wconf 87' lang='lat' dir='ltr'><strong>Menandreae</strong></span> <span class='ocrx_word' id='word_1_23' title='bbox 927 625 1053 689; x_wconf 78' lang='lat' dir='ltr'><strong>tabulae</strong></span> <span class='ocrx_word' id='word_1_24' title='bbox 1075 627 1178 689; x_wconf 91' lang='lat' dir='ltr'><strong>scenis</strong></span> <span class='ocrx_word' id='word_1_25' title='bbox 1200 623 1338 708; x_wconf 78' lang='lat' dir='ltr'><strong>ageban-</strong></span> 
     </span>
     <span class='ocr_line' id='line_1_5' title="bbox 200 708 1336 791; baseline -0.001 -17"><span class='ocrx_word' id='word_1_26' title='bbox 200 719 263 787; x_wconf 85' lang='lat' dir='ltr'><strong>tur,</strong></span> <span class='ocrx_word' id='word_1_27' title='bbox 287 730 326 773; x_wconf 90' lang='lat' dir='ltr'><strong>ne</strong></span> <span class='ocrx_word' id='word_1_28' title='bbox 339 710 422 773; x_wconf 91' lang='lat' dir='ltr'><strong>iusto</strong></span> <span class='ocrx_word' id='word_1_29' title='bbox 438 710 563 788; x_wconf 71' lang='lat' dir='ltr'><strong>longior</strong></span> <span class='ocrx_word' id='word_1_30' title='bbox 579 709 670 774; x_wconf 89' lang='lat' dir='ltr'><strong>lieret</strong></span> <span class='ocrx_word' id='word_1_31' title='bbox 684 709 796 775; x_wconf 84' lang='lat' dir='ltr'><strong>fabula</strong></span> <span class='ocrx_word' id='word_1_32' title='bbox 812 709 860 774; x_wconf 86' lang='lat' dir='ltr'><strong>vel</strong></span> <span class='ocrx_word' id='word_1_33' title='bbox 882 711 915 774; x_wconf 92' lang='lat' dir='ltr'><strong>in</strong></span> <span class='ocrx_word' id='word_1_34' title='bbox 938 709 1071 775; x_wconf 90' lang='lat' dir='ltr'><strong>eandem</strong></span> <span class='ocrx_word' id='word_1_35' title='bbox 1094 710 1196 791; x_wconf 84' lang='lat' dir='ltr'><strong>(legas</strong></span> <span class='ocrx_word' id='word_1_36' title='bbox 1210 708 1336 791; x_wconf 89' lang='lat' dir='ltr'><strong>eadem)</strong></span> 
     </span>
     <span class='ocr_line' id='line_1_6' title="bbox 200 793 1339 879; baseline 0 -21"><span class='ocrx_word' id='word_1_37' title='bbox 200 802 328 878; x_wconf 89' lang='lat' dir='ltr'><strong>propter</strong></span> <span class='ocrx_word' id='word_1_38' title='bbox 349 815 453 860; x_wconf 84' lang='lat' dir='ltr'><strong>rerum</strong></span> <span class='ocrx_word' id='word_1_39' title='bbox 477 794 716 859; x_wconf 88' lang='lat' dir='ltr'><strong>similitudinem</strong></span> <span class='ocrx_word' id='word_1_40' title='bbox 738 802 926 878; x_wconf 74' lang='lat' dir='ltr'><strong>cogerentur</strong></span> <span class='ocrx_word' id='word_1_41' title='bbox 947 793 1063 879; x_wconf 86' lang='lat' dir='ltr'><strong>(addas</strong></span> <span class='ocrx_word' id='word_1_42' title='bbox 1080 794 1233 877; x_wconf 82' lang='lat' dir='ltr'><strong>nuptiae).</strong></span> <span class='ocrx_word' id='word_1_43' title='bbox 1279 793 1339 859; x_wconf 83' lang='lat' dir='ltr'><strong>Fe·</strong></span> 
     </span>
    </p>
   </div>
   <div class='ocr_carea' id='block_1_3' title="bbox 201 878 1432 957">
    <p class='ocr_par' dir='ltr' id='par_1_3' title="bbox 201 878 1432 957">
     <span class='ocr_line' id='line_1_7' title="bbox 201 878 1432 957; baseline -0.001 -14"><span class='ocrx_word' id='word_1_44' title='bbox 201 881 279 943; x_wconf 89' lang='lat' dir='ltr'><strong>cisse</strong></span> <span class='ocrx_word' id='word_1_45' title='bbox 308 899 379 943; x_wconf 90' lang='lat' dir='ltr'><strong>eum</strong></span> <span class='ocrx_word' id='word_1_46' title='bbox 410 880 470 944; x_wconf 91' lang='lat' dir='ltr'><strong>hoc</strong></span> <span class='ocrx_word' id='word_1_47' title='bbox 499 880 562 943; x_wconf 89' lang='lat' dir='ltr'><strong>iam</strong></span> <span class='ocrx_word' id='word_1_48' title='bbox 585 886 680 943; x_wconf 87' lang='lat' dir='ltr'><strong>antea</strong></span> <span class='ocrx_word' id='word_1_49' title='bbox 701 878 842 945; x_wconf 82' lang='lat' dir='ltr'><strong>efferunt</strong></span> <span class='ocrx_word' id='word_1_50' title='bbox 863 878 984 945; x_wconf 88' lang='lat' dir='ltr'><strong>scholia</strong></span> <span class='ocrx_word' id='word_1_51' title='bbox 1005 878 1117 943; x_wconf 87' lang='lat' dir='ltr'><strong>addita</strong></span> <span class='ocrx_word' id='word_1_52' title='bbox 1138 879 1178 943; x_wconf 87' lang='lat' dir='ltr'><strong>ad</strong></span> <span class='ocrx_word' id='word_1_53' title='bbox 1203 878 1240 957; x_wconf 91' lang='lat' dir='ltr'><strong>V,</strong></span> <span class='ocrx_word' id='word_1_54' title='bbox 1262 884 1281 943; x_wconf 79' lang='lat' dir='ltr'><strong>b</strong></span> <span class='ocrx_word' id='word_1_55' title='bbox 1303 883 1339 942; x_wconf 91' lang='lat' dir='ltr'><strong>et</strong></span> <span class='ocrx_word' id='word_1_56' title='bbox 1427 922 1432 935; x_wconf 75' lang='lat'><strong>·</strong></span> 
     </span>
    </p>
   </div>
   <div class='ocr_carea' id='block_1_4' title="bbox 197 963 1339 3991">
    <p class='ocr_par' dir='ltr' id='par_1_4' title="bbox 198 963 1339 1132">
     <span class='ocr_line' id='line_1_8' title="bbox 201 963 1339 1043; baseline -0.002 -15"><span class='ocrx_word' id='word_1_57' title='bbox 201 964 237 1040; x_wconf 89' lang='lat' dir='ltr'><strong>V,</strong></span> <span class='ocrx_word' id='word_1_58' title='bbox 260 967 288 1040; x_wconf 84' lang='lat'><strong>6,</strong></span> <span class='ocrx_word' id='word_1_59' title='bbox 311 967 330 1027; x_wconf 85' lang='lat'>8</span> <span class='ocrx_word' id='word_1_60' title='bbox 352 971 387 1027; x_wconf 91' lang='lat' dir='ltr'><strong>et</strong></span> <span class='ocrx_word' id='word_1_61' title='bbox 408 964 445 1043; x_wconf 89' lang='lat' dir='ltr'><strong>V,</strong></span> <span class='ocrx_word' id='word_1_62' title='bbox 467 968 496 1040; x_wconf 88' lang='lat'><strong>6,</strong></span> <span class='ocrx_word' id='word_1_63' title='bbox 520 969 567 1027; x_wconf 88' lang='lat' dir='ltr'><strong>ll.</strong></span> <span class='ocrx_word' id='word_1_64' title='bbox 610 963 765 1029; x_wconf 88' lang='lat' dir='ltr'><strong>Timuisse</strong></span> <span class='ocrx_word' id='word_1_65' title='bbox 788 965 871 1029; x_wconf 88' lang='lat' dir='ltr'><strong>enim</strong></span> <span class='ocrx_word' id='word_1_66' title='bbox 894 963 1019 1028; x_wconf 87' lang='lat' dir='ltr'><strong>videtur</strong></span> <span class='ocrx_word' id='word_1_67' title='bbox 1042 984 1081 1027; x_wconf 89' lang='lat' dir='ltr'><strong>ne</strong></span> <span class='ocrx_word' id='word_1_68' title='bbox 1103 963 1209 1027; x_wconf 87' lang='lat' dir='ltr'><strong>taedio</strong></span> <span class='ocrx_word' id='word_1_69' title='bbox 1231 967 1339 1026; x_wconf 90' lang='lat' dir='ltr'><strong>essent</strong></span> 
     </span>
     <span class='ocr_line' id='line_1_9' title="bbox 198 1048 1292 1132; baseline 0.002 -22"><span class='ocrx_word' id='word_1_70' title='bbox 198 1048 417 1132; x_wconf 81' lang='lat' dir='ltr'><strong>spectantibus</strong></span> <span class='ocrx_word' id='word_1_71' title='bbox 439 1049 534 1112; x_wconf 89' lang='lat' dir='ltr'><strong>nimis</strong></span> <span class='ocrx_word' id='word_1_72' title='bbox 555 1049 669 1131; x_wconf 83' lang='lat' dir='ltr'><strong>longae</strong></span> <span class='ocrx_word' id='word_1_73' title='bbox 691 1048 918 1113; x_wconf 87' lang='lat' dir='ltr'><strong>collocutiones</strong></span> <span class='ocrx_word' id='word_1_74' title='bbox 938 1048 1119 1130; x_wconf 86' lang='lat' dir='ltr'><strong>similesque</strong></span> <span class='ocrx_word' id='word_1_75' title='bbox 1141 1048 1292 1112; x_wconf 84' lang='lat' dir='ltr'><strong>actiones.</strong></span> 
     </span>
    </p>

    <p class='ocr_par' dir='ltr' id='par_1_5' title="bbox 197 1130 1338 1789">
     <span class='ocr_line' id='line_1_10' title="bbox 270 1130 1338 1216; baseline 0.001 -21"><span class='ocrx_word' id='word_1_76' title='bbox 270 1132 358 1196; x_wconf 89' lang='lat' dir='ltr'><strong>Duos</strong></span> <span class='ocrx_word' id='word_1_77' title='bbox 368 1132 465 1216; x_wconf 79' lang='lat' dir='ltr'><strong>igitur</strong></span> <span class='ocrx_word' id='word_1_78' title='bbox 475 1152 555 1215; x_wconf 93' lang='lat' dir='ltr'><strong>quos</strong></span> <span class='ocrx_word' id='word_1_79' title='bbox 566 1135 706 1199; x_wconf 82' lang='lat' dir='ltr'><strong>Donatus</strong></span> <span class='ocrx_word' id='word_1_80' title='bbox 717 1134 851 1197; x_wconf 90' lang='lat' dir='ltr'><strong>adnotat</strong></span> <span class='ocrx_word' id='word_1_81' title='bbox 861 1153 985 1196; x_wconf 90' lang='lat' dir='ltr'><strong>amores</strong></span> <span class='ocrx_word' id='word_1_82' title='bbox 993 1132 1124 1197; x_wconf 88' lang='lat' dir='ltr'><strong>Charini</strong></span> <span class='ocrx_word' id='word_1_83' title='bbox 1136 1139 1169 1196; x_wconf 91' lang='lat' dir='ltr'><strong>et</strong></span> <span class='ocrx_word' id='word_1_84' title='bbox 1178 1130 1338 1216; x_wconf 88' lang='lat' dir='ltr'><strong>Pamphili</strong></span> 
     </span>
     <span class='ocr_line' id='line_1_11' title="bbox 199 1216 1338 1301; baseline 0 -21"><span class='ocrx_word' id='word_1_85' title='bbox 199 1216 377 1281; x_wconf 85' lang='lat' dir='ltr'><strong>Menander</strong></span> <span class='ocrx_word' id='word_1_86' title='bbox 399 1219 430 1282; x_wconf 90' lang='lat' dir='ltr'><strong>in</strong></span> <span class='ocrx_word' id='word_1_87' title='bbox 445 1217 610 1281; x_wconf 84' lang='lat' dir='ltr'><strong>Perinthia</strong></span> <span class='ocrx_word' id='word_1_88' title='bbox 633 1238 732 1301; x_wconf 88' lang='lat' dir='ltr'><strong>usque</strong></span> <span class='ocrx_word' id='word_1_89' title='bbox 754 1217 796 1282; x_wconf 88' lang='lat' dir='ltr'><strong>ad</strong></span> <span class='ocrx_word' id='word_1_90' title='bbox 818 1216 912 1281; x_wconf 88' lang='lat' dir='ltr'><strong>linem</strong></span> <span class='ocrx_word' id='word_1_91' title='bbox 935 1216 1064 1281; x_wconf 85' lang='lat' dir='ltr'><strong>duxisse</strong></span> <span class='ocrx_word' id='word_1_92' title='bbox 1086 1217 1234 1300; x_wconf 89' lang='lat' dir='ltr'><strong>ipsasque</strong></span> <span class='ocrx_word' id='word_1_93' title='bbox 1257 1236 1338 1300; x_wconf 88' lang='lat' dir='ltr'><strong>nup·</strong></span> 
     </span>
     <span class='ocr_line' id='line_1_12' title="bbox 199 1301 1338 1386; baseline 0.001 -22"><span class='ocrx_word' id='word_1_94' title='bbox 199 1302 263 1365; x_wconf 87' lang='lat' dir='ltr'><strong>tias</strong></span> <span class='ocrx_word' id='word_1_95' title='bbox 285 1303 316 1365; x_wconf 92' lang='lat' dir='ltr'><strong>in</strong></span> <span class='ocrx_word' id='word_1_96' title='bbox 340 1323 434 1365; x_wconf 89' lang='lat' dir='ltr'><strong>scena</strong></span> <span class='ocrx_word' id='word_1_97' title='bbox 456 1301 601 1366; x_wconf 87' lang='lat' dir='ltr'><strong>retulisse</strong></span> <span class='ocrx_word' id='word_1_98' title='bbox 616 1303 779 1386; x_wconf 86' lang='lat' dir='ltr'><strong>putandus</strong></span> <span class='ocrx_word' id='word_1_99' title='bbox 794 1311 856 1377; x_wconf 83' lang='lat' dir='ltr'><strong>est;</strong></span> <span class='ocrx_word' id='word_1_100' title='bbox 878 1301 1044 1366; x_wconf 85' lang='lat' dir='ltr'><strong>Terentius</strong></span> <span class='ocrx_word' id='word_1_101' title='bbox 1067 1307 1104 1366; x_wconf 90' lang='lat' dir='ltr'><strong>ut</strong></span> <span class='ocrx_word' id='word_1_102' title='bbox 1126 1302 1267 1366; x_wconf 87' lang='lat' dir='ltr'><strong>taedium</strong></span> <span class='ocrx_word' id='word_1_103' title='bbox 1289 1302 1338 1365; x_wconf 82' lang='lat' dir='ltr'><strong>vi·</strong></span> 
     </span>
     <span class='ocr_line' id='line_1_13' title="bbox 200 1385 1338 1470; baseline 0.001 -21"><span class='ocrx_word' id='word_1_104' title='bbox 200 1391 285 1449; x_wconf 87' lang='lat' dir='ltr'><strong>taret</strong></span> <span class='ocrx_word' id='word_1_105' title='bbox 305 1387 440 1450; x_wconf 89' lang='lat' dir='ltr'><strong>alterum</strong></span> <span class='ocrx_word' id='word_1_106' title='bbox 465 1387 614 1468; x_wconf 84' lang='lat' dir='ltr'><strong>neglexit.</strong></span> <span class='ocrx_word' id='word_1_107' title='bbox 665 1387 714 1451; x_wconf 82' lang='lat' dir='ltr'><strong>Ad</strong></span> <span class='ocrx_word' id='word_1_108' title='bbox 741 1408 838 1470; x_wconf 84' lang='lat' dir='ltr'><strong>quam</strong></span> <span class='ocrx_word' id='word_1_109' title='bbox 868 1389 1057 1450; x_wconf 89' lang='lat' dir='ltr'><strong>sententiam</strong></span> <span class='ocrx_word' id='word_1_110' title='bbox 1087 1385 1338 1452; x_wconf 84' lang='lat' dir='ltr'><strong>confirmandam</strong></span> 
     </span>
     <span class='ocr_line' id='line_1_14' title="bbox 199 1470 1338 1555; baseline 0.002 -22"><span class='ocrx_word' id='word_1_111' title='bbox 199 1474 357 1555; x_wconf 87' lang='lat' dir='ltr'><strong>pertinere</strong></span> <span class='ocrx_word' id='word_1_112' title='bbox 379 1480 457 1554; x_wconf 90' lang='lat' dir='ltr'><strong>puto</strong></span> <span class='ocrx_word' id='word_1_113' title='bbox 479 1471 616 1536; x_wconf 88' lang='lat' dir='ltr'><strong>alterum</strong></span> <span class='ocrx_word' id='word_1_114' title='bbox 639 1472 727 1537; x_wconf 89' lang='lat' dir='ltr'><strong>illum</strong></span> <span class='ocrx_word' id='word_1_115' title='bbox 751 1473 806 1555; x_wconf 89' lang='lat' dir='ltr'><strong>qui</strong></span> <span class='ocrx_word' id='word_1_116' title='bbox 829 1471 946 1535; x_wconf 90' lang='lat' dir='ltr'><strong>dicitur</strong></span> <span class='ocrx_word' id='word_1_117' title='bbox 966 1473 1097 1536; x_wconf 88' lang='lat' dir='ltr'><strong>exitum.</strong></span> <span class='ocrx_word' id='word_1_118' title='bbox 1142 1470 1240 1536; x_wconf 88' lang='lat' dir='ltr'><strong>Cuius</strong></span> <span class='ocrx_word' id='word_1_119' title='bbox 1254 1489 1338 1555; x_wconf 84' lang='lat' dir='ltr'><strong>quae</strong></span> 
     </span>
     <span class='ocr_line' id='line_1_15' title="bbox 199 1554 1333 1639; baseline 0.001 -21"><span class='ocrx_word' id='word_1_120' title='bbox 199 1558 241 1618; x_wconf 90' lang='lat' dir='ltr'><strong>sit</strong></span> <span class='ocrx_word' id='word_1_121' title='bbox 262 1556 344 1619; x_wconf 88' lang='lat' dir='ltr'><strong>ratio</strong></span> <span class='ocrx_word' id='word_1_122' title='bbox 366 1557 476 1637; x_wconf 88' lang='lat' dir='ltr'><strong>paucis</strong></span> <span class='ocrx_word' id='word_1_123' title='bbox 498 1558 561 1619; x_wconf 88' lang='lat' dir='ltr'><strong>iam</strong></span> <span class='ocrx_word' id='word_1_124' title='bbox 585 1557 756 1621; x_wconf 85' lang='lat' dir='ltr'><strong>videamus.</strong></span> <span class='ocrx_word' id='word_1_125' title='bbox 786 1556 920 1639; x_wconf 86' lang='lat' dir='ltr'><strong>Scripsit</strong></span> <span class='ocrx_word' id='word_1_126' title='bbox 934 1554 973 1619; x_wconf 88' lang='lat' dir='ltr'><strong>de</strong></span> <span class='ocrx_word' id='word_1_127' title='bbox 988 1577 1028 1620; x_wconf 91' lang='lat' dir='ltr'><strong>ea</strong></span> <span class='ocrx_word' id='word_1_128' title='bbox 1041 1555 1333 1638; x_wconf 84' lang='lat' dir='ltr'><strong>quaestioneGrau·</strong></span> 
     </span>
     <span class='ocr_line' id='line_1_16' title="bbox 197 1639 1338 1724; baseline 0 -22"><span class='ocrx_word' id='word_1_129' title='bbox 197 1648 295 1716; x_wconf 85' lang='lat' dir='ltr'><strong>crtus,</strong></span> <span class='ocrx_word' id='word_1_130' title='bbox 317 1640 476 1721; x_wconf 86' lang='lat' dir='ltr'><strong>Guyetum</strong></span> <span class='ocrx_word' id='word_1_131' title='bbox 498 1648 641 1721; x_wconf 84' lang='lat' dir='ltr'><strong>secutus,</strong></span> <span class='ocrx_word' id='word_1_132' title='bbox 661 1642 758 1724; x_wconf 88' lang='lat' dir='ltr'><strong>atque</strong></span> <span class='ocrx_word' id='word_1_133' title='bbox 780 1660 888 1705; x_wconf 81' lang='lat' dir='ltr'><strong>versus</strong></span> <span class='ocrx_word' id='word_1_134' title='bbox 910 1660 990 1723; x_wconf 86' lang='lat' dir='ltr'><strong>quos</strong></span> <span class='ocrx_word' id='word_1_135' title='bbox 1011 1661 1105 1704; x_wconf 90' lang='lat' dir='ltr'><strong>sensu</strong></span> <span class='ocrx_word' id='word_1_136' title='bbox 1128 1660 1236 1705; x_wconf 86' lang='lat' dir='ltr'><strong>carere</strong></span> <span class='ocrx_word' id='word_1_137' title='bbox 1258 1639 1338 1705; x_wconf 91' lang='lat' dir='ltr'><strong>dicit</strong></span> 
     </span>
     <span class='ocr_line' id='line_1_17' title="bbox 197 1725 1247 1789; baseline -0.001 0"><span class='ocrx_word' id='word_1_138' title='bbox 197 1725 344 1789; x_wconf 87' lang='lat' dir='ltr'><strong>correxit.</strong></span> <span class='ocrx_word' id='word_1_139' title='bbox 1245 1729 1247 1731; x_wconf 71' lang='grc'><strong><em>’</em></strong></span> 
     </span>
    </p>

    <p class='ocr_par' dir='ltr' id='par_1_6' title="bbox 197 1807 1337 3147">
     <span class='ocr_line' id='line_1_18' title="bbox 284 1807 1337 1893; baseline -0.001 -20"><span class='ocrx_word' id='word_1_140' title='bbox 284 1810 421 1874; x_wconf 82' lang='lat' dir='ltr'><strong>Additus</strong></span> <span class='ocrx_word' id='word_1_141' title='bbox 442 1817 492 1874; x_wconf 93' lang='lat' dir='ltr'><strong>est</strong></span> <span class='ocrx_word' id='word_1_142' title='bbox 513 1808 564 1873; x_wconf 90' lang='lat' dir='ltr'><strong>hic</strong></span> <span class='ocrx_word' id='word_1_143' title='bbox 586 1809 668 1875; x_wconf 87' lang='lat' dir='ltr'><strong>alter</strong></span> <span class='ocrx_word' id='word_1_144' title='bbox 690 1811 746 1893; x_wconf 91' lang='lat' dir='ltr'><strong>qui</strong></span> <span class='ocrx_word' id='word_1_145' title='bbox 769 1810 886 1874; x_wconf 82' lang='lat' dir='ltr'><strong>dicitur</strong></span> <span class='ocrx_word' id='word_1_146' title='bbox 901 1811 1007 1875; x_wconf 87' lang='lat' dir='ltr'><strong>exitus</strong></span> <span class='ocrx_word' id='word_1_147' title='bbox 1021 1810 1053 1872; x_wconf 93' lang='lat' dir='ltr'><strong>in</strong></span> <span class='ocrx_word' id='word_1_148' title='bbox 1069 1809 1229 1874; x_wconf 89' lang='lat' dir='ltr'><strong>codicibus</strong></span> <span class='ocrx_word' id='word_1_149' title='bbox 1244 1807 1337 1890; x_wconf 90' lang='lat' dir='ltr'><strong>quin·</strong></span> 
     </span>
     <span class='ocr_line' id='line_1_19' title="bbox 198 1891 1337 1979; baseline 0 -23"><span class='ocrx_word' id='word_1_150' title='bbox 198 1914 260 1975; x_wconf 93' lang='lat' dir='ltr'><strong>que</strong></span> <span class='ocrx_word' id='word_1_151' title='bbox 282 1893 506 1967; x_wconf 75' lang='lat' dir='ltr'><strong>deterioribus,</strong></span> <span class='ocrx_word' id='word_1_152' title='bbox 536 1893 575 1958; x_wconf 91' lang='lat' dir='ltr'><strong>de</strong></span> <span class='ocrx_word' id='word_1_153' title='bbox 597 1895 713 1977; x_wconf 89' lang='lat' dir='ltr'><strong>quibus</strong></span> <span class='ocrx_word' id='word_1_154' title='bbox 735 1894 1006 1979; x_wconf 83' lang='lat' dir='ltr'><strong>Umpfenbacbius</strong></span> <span class='ocrx_word' id='word_1_155' title='bbox 1026 1893 1166 1958; x_wconf 85' lang='lat' dir='ltr'><strong>Terentii</strong></span> <span class='ocrx_word' id='word_1_156' title='bbox 1188 1891 1337 1958; x_wconf 89' lang='lat' dir='ltr'><strong>editionis</strong></span> 
     </span>
     <span class='ocr_line' id='line_1_20' title="bbox 198 1976 1337 2062; baseline -0.001 -20"><span class='ocrx_word' id='word_1_157' title='bbox 198 1979 315 2062; x_wconf 83' lang='lat' dir='ltr'><strong>pagina</strong></span> <span class='ocrx_word' id='word_1_158' title='bbox 330 1984 382 2043; x_wconf 79' lang='lat'><strong>84.</strong></span> <span class='ocrx_word' id='word_1_159' title='bbox 397 1979 473 2061; x_wconf 81' lang='lat' dir='ltr'><strong>agit.</strong></span> <span class='ocrx_word' id='word_1_160' title='bbox 508 1978 690 2044; x_wconf 75' lang='lat' dir='ltr'><strong>lectionem</strong></span> <span class='ocrx_word' id='word_1_161' title='bbox 705 2000 785 2056; x_wconf 85' lang='lat' dir='ltr'><strong>eam,</strong></span> <span class='ocrx_word' id='word_1_162' title='bbox 808 2000 904 2061; x_wconf 89' lang='lat' dir='ltr'><strong>quarn</strong></span> <span class='ocrx_word' id='word_1_163' title='bbox 921 1977 1096 2043; x_wconf 80' lang='lat' dir='ltr'><strong>Altorfinus</strong></span> <span class='ocrx_word' id='word_1_164' title='bbox 1110 1982 1211 2058; x_wconf 83' lang='lat' dir='ltr'><strong>(nunc</strong></span> <span class='ocrx_word' id='word_1_165' title='bbox 1223 1976 1337 2043; x_wconf 84' lang='lat' dir='ltr'><strong>Erlan·</strong></span> 
     </span>
     <span class='ocr_line' id='line_1_21' title="bbox 197 2061 1336 2147; baseline -0.002 -20"><span class='ocrx_word' id='word_1_166' title='bbox 197 2064 317 2147; x_wconf 82' lang='lat' dir='ltr'><strong>gensis)</strong></span> <span class='ocrx_word' id='word_1_167' title='bbox 341 2064 477 2139; x_wconf 80' lang='lat' dir='ltr'><strong>exhibet,</strong></span> <span class='ocrx_word' id='word_1_168' title='bbox 503 2063 712 2128; x_wconf 90' lang='lat' dir='ltr'><strong>Doederlinus</strong></span> <span class='ocrx_word' id='word_1_169' title='bbox 726 2061 946 2129; x_wconf 84' lang='lat' dir='ltr'><strong>excudendam</strong></span> <span class='ocrx_word' id='word_1_170' title='bbox 960 2064 1085 2128; x_wconf 81' lang='lat' dir='ltr'><strong>curavit</strong></span> <span class='ocrx_word' id='word_1_171' title='bbox 1098 2070 1196 2146; x_wconf 87' lang='lat' dir='ltr'><strong>atque</strong></span> <span class='ocrx_word' id='word_1_172' title='bbox 1210 2068 1336 2146; x_wconf 88' lang='lat' dir='ltr'><strong>partem</strong></span> 
     </span>
     <span class='ocr_line' id='line_1_22' title="bbox 199 2147 1337 2232; baseline -0.002 -21"><span class='ocrx_word' id='word_1_173' title='bbox 199 2166 346 2212; x_wconf 88' lang='lat' dir='ltr'><strong>versuum</strong></span> <span class='ocrx_word' id='word_1_174' title='bbox 362 2148 553 2225; x_wconf 83' lang='lat' dir='ltr'><strong>emendavit,</strong></span> <span class='ocrx_word' id='word_1_175' title='bbox 574 2147 707 2213; x_wconf 86' lang='lat' dir='ltr'><strong>alteram</strong></span> <span class='ocrx_word' id='word_1_176' title='bbox 726 2155 849 2232; x_wconf 85' lang='lat' dir='ltr'><strong>partem</strong></span> <span class='ocrx_word' id='word_1_177' title='bbox 872 2167 892 2213; x_wconf 87' lang='lat' dir='ltr'><strong>a</strong></span> <span class='ocrx_word' id='word_1_178' title='bbox 914 2156 1015 2213; x_wconf 90' lang='lat' dir='ltr'><strong>metro</strong></span> <span class='ocrx_word' id='word_1_179' title='bbox 1036 2154 1069 2213; x_wconf 90' lang='lat' dir='ltr'><strong>et</strong></span> <span class='ocrx_word' id='word_1_180' title='bbox 1090 2147 1258 2213; x_wconf 87' lang='lat' dir='ltr'><strong>sententiis</strong></span> <span class='ocrx_word' id='word_1_181' title='bbox 1279 2147 1337 2210; x_wconf 93' lang='lat' dir='ltr'><strong>mi·</strong></span> 
     </span>
     <span class='ocr_line' id='line_1_23' title="bbox 198 2230 1337 2315; baseline -0.003 -18"><span class='ocrx_word' id='word_1_182' title='bbox 198 2253 267 2297; x_wconf 88' lang='lat' dir='ltr'><strong>sere</strong></span> <span class='ocrx_word' id='word_1_183' title='bbox 289 2232 485 2297; x_wconf 82' lang='lat' dir='ltr'><strong>laborantem</strong></span> <span class='ocrx_word' id='word_1_184' title='bbox 509 2233 646 2299; x_wconf 87' lang='lat' dir='ltr'><strong>fideliter</strong></span> <span class='ocrx_word' id='word_1_185' title='bbox 668 2233 870 2315; x_wconf 87' lang='lat' dir='ltr'><strong>descripsisse</strong></span> <span class='ocrx_word' id='word_1_186' title='bbox 893 2234 970 2297; x_wconf 88' lang='lat' dir='ltr'><strong>satis</strong></span> <span class='ocrx_word' id='word_1_187' title='bbox 985 2243 1074 2296; x_wconf 85' lang='lat' dir='ltr'><strong>ratus</strong></span> <span class='ocrx_word' id='word_1_188' title='bbox 1088 2237 1124 2313; x_wconf 79' lang='grc' dir='ltr'><strong>ι).</strong></span> <span class='ocrx_word' id='word_1_189' title='bbox 1164 2230 1337 2296; x_wconf 70' lang='lat' dir='ltr'><strong>adnotavit</strong></span> 
     </span>
     <span class='ocr_line' id='line_1_24' title="bbox 199 2316 1336 2401; baseline -0.003 -20"><span class='ocrx_word' id='word_1_190' title='bbox 199 2340 300 2401; x_wconf 88' lang='lat' dir='ltr'><strong>pauca</strong></span> <span class='ocrx_word' id='word_1_191' title='bbox 322 2319 386 2383; x_wconf 88' lang='lat' dir='ltr'><strong>iam</strong></span> <span class='ocrx_word' id='word_1_192' title='bbox 403 2319 544 2400; x_wconf 83' lang='lat' dir='ltr'><strong>Guyetus</strong></span> <span class='ocrx_word' id='word_1_193' title='bbox 566 2321 597 2382; x_wconf 93' lang='lat' dir='ltr'><strong>in</strong></span> <span class='ocrx_word' id='word_1_194' title='bbox 622 2318 760 2382; x_wconf 86' lang='lat' dir='ltr'><strong>editione</strong></span> <span class='ocrx_word' id='word_1_195' title='bbox 776 2316 934 2394; x_wconf 86' lang='lat' dir='ltr'><strong>Boecleri;</strong></span> <span class='ocrx_word' id='word_1_196' title='bbox 957 2317 1084 2401; x_wconf 87' lang='lat' dir='ltr'><strong>scripsit</strong></span> <span class='ocrx_word' id='word_1_197' title='bbox 1106 2319 1145 2383; x_wconf 89' lang='lat' dir='ltr'><strong>de</strong></span> <span class='ocrx_word' id='word_1_198' title='bbox 1167 2317 1227 2382; x_wconf 88' lang='lat' dir='ltr'><strong>hoc</strong></span> <span class='ocrx_word' id='word_1_199' title='bbox 1247 2316 1336 2380; x_wconf 83' lang='lat' dir='ltr'><strong>exitu</strong></span> 
     </span>
     <span class='ocr_line' id='line_1_25' title="bbox 200 2400 1336 2485; baseline -0.002 -19"><span class='ocrx_word' id='word_1_200' title='bbox 200 2403 223 2466; x_wconf 78' lang='lat' dir='ltr'>F</span> <span class='ocrx_word' id='word_1_201' title='bbox 224 2426 250 2467; x_wconf 90' lang='lat' dir='ltr'><strong>r.</strong></span> <span class='ocrx_word' id='word_1_202' title='bbox 268 2402 459 2467; x_wconf 80' lang='lat' dir='ltr'><strong>llitschelius</strong></span> <span class='ocrx_word' id='word_1_203' title='bbox 481 2404 513 2465; x_wconf 92' lang='lat' dir='ltr'><strong>in</strong></span> <span class='ocrx_word' id='word_1_204' title='bbox 529 2402 675 2485; x_wconf 85' lang='lat' dir='ltr'><strong>Parergis</strong></span> <span class='ocrx_word' id='word_1_205' title='bbox 689 2402 847 2467; x_wconf 88' lang='lat' dir='ltr'><strong>Plautinis</strong></span> <span class='ocrx_word' id='word_1_206' title='bbox 867 2402 1050 2467; x_wconf 89' lang='lat' dir='ltr'><strong>Terentiani</strong></span> <span class='ocrx_word' id='word_1_207' title='bbox 1090 2425 1138 2468; x_wconf 86' lang='lat' dir='ltr'><strong>ue.</strong></span> <span class='ocrx_word' id='word_1_208' title='bbox 1183 2402 1221 2467; x_wconf 95' lang='lat' dir='ltr'><strong>In</strong></span> <span class='ocrx_word' id='word_1_209' title='bbox 1244 2400 1336 2465; x_wconf 90' lang='lat' dir='ltr'><strong>Bem-</strong></span> 
     </span>
     <span class='ocr_line' id='line_1_26' title="bbox 198 2486 1337 2571; baseline -0.004 -18"><span class='ocrx_word' id='word_1_210' title='bbox 198 2488 272 2553; x_wconf 88' lang='lat' dir='ltr'><strong>bioo</strong></span> <span class='ocrx_word' id='word_1_211' title='bbox 294 2488 395 2569; x_wconf 86' lang='lat' dir='ltr'><strong>iisque</strong></span> <span class='ocrx_word' id='word_1_212' title='bbox 418 2487 578 2552; x_wconf 90' lang='lat' dir='ltr'><strong>codicibus</strong></span> <span class='ocrx_word' id='word_1_213' title='bbox 594 2487 743 2571; x_wconf 83' lang='lat' dir='ltr'><strong>Calliopii</strong></span> <span class='ocrx_word' id='word_1_214' title='bbox 764 2488 979 2552; x_wconf 89' lang='lat' dir='ltr'><strong>recensionem</strong></span> <span class='ocrx_word' id='word_1_215' title='bbox 1002 2486 1076 2553; x_wconf 83' lang='lat' dir='ltr'><strong>exbi</strong></span> <span class='ocrx_word' id='word_1_216' title='bbox 1098 2487 1234 2564; x_wconf 85' lang='lat' dir='ltr'><strong>entibus,</strong></span> <span class='ocrx_word' id='word_1_217' title='bbox 1256 2505 1337 2570; x_wconf 87' lang='lat' dir='ltr'><strong>quoe</strong></span> 
     </span>
     <span class='ocr_line' id='line_1_27' title="bbox 198 2571 1334 2656; baseline -0.004 -19"><span class='ocrx_word' id='word_1_218' title='bbox 198 2584 326 2637; x_wconf 89' lang='lat' dir='ltr'><strong>secutus</strong></span> <span class='ocrx_word' id='word_1_219' title='bbox 351 2571 618 2656; x_wconf 85' lang='lat' dir='ltr'><strong>Umpienbacbius</strong></span> <span class='ocrx_word' id='word_1_220' title='bbox 639 2572 777 2637; x_wconf 88' lang='lat' dir='ltr'><strong>Terentii</strong></span> <span class='ocrx_word' id='word_1_221' title='bbox 800 2571 925 2636; x_wconf 83' lang='lat' dir='ltr'><strong>fabulas</strong></span> <span class='ocrx_word' id='word_1_222' title='bbox 954 2571 1069 2652; x_wconf 87' lang='lat' dir='ltr'><strong>edidit,</strong></span> <span class='ocrx_word' id='word_1_223' title='bbox 1101 2572 1134 2636; x_wconf 93' lang='lat' dir='ltr'><strong>bi</strong></span> <span class='ocrx_word' id='word_1_224' title='bbox 1162 2590 1271 2635; x_wconf 82' lang='lat' dir='ltr'><strong>versus</strong></span> <span class='ocrx_word' id='word_1_225' title='bbox 1297 2573 1334 2633; x_wconf 83' lang='lat' dir='ltr'><strong>l&#39;l</strong></span> 
     </span>
     <span class='ocr_line' id='line_1_28' title="bbox 199 2655 1335 2739; baseline -0.003 -19"><span class='ocrx_word' id='word_1_226' title='bbox 199 2679 261 2721; x_wconf 92' lang='lat' dir='ltr'><strong>non</strong></span> <span class='ocrx_word' id='word_1_227' title='bbox 284 2657 506 2733; x_wconf 83' lang='lat' dir='ltr'><strong>inveniuntur3</strong></span> <span class='ocrx_word' id='word_1_228' title='bbox 536 2657 566 2720; x_wconf 91' lang='lat' dir='ltr'><strong>in</strong></span> <span class='ocrx_word' id='word_1_229' title='bbox 592 2657 744 2722; x_wconf 90' lang='lat' dir='ltr'><strong>Bembino</strong></span> <span class='ocrx_word' id='word_1_230' title='bbox 766 2656 918 2739; x_wconf 89' lang='lat' dir='ltr'><strong>scriptum</strong></span> <span class='ocrx_word' id='word_1_231' title='bbox 940 2661 1003 2721; x_wconf 91' lang='lat' dir='ltr'><strong>est:</strong></span> <span class='ocrx_word' id='word_1_232' title='bbox 1025 2679 1052 2720; x_wconf 86' lang='grc' dir='ltr'><em>ω</em></span> <span class='ocrx_word' id='word_1_233' title='bbox 1072 2656 1228 2721; x_wconf 81' lang='lat' dir='ltr'><strong>Plaudite.</strong></span> <span class='ocrx_word' id='word_1_234' title='bbox 1278 2655 1335 2737; x_wconf 71' lang='lat' dir='ltr'><strong>Ye-</strong></span> 
     </span>
     <span class='ocr_line' id='line_1_29' title="bbox 198 2738 1336 2822; baseline -0.002 -18"><span class='ocrx_word' id='word_1_235' title='bbox 198 2742 281 2805; x_wconf 83' lang='lat' dir='ltr'><strong>rcnti</strong></span> <span class='ocrx_word' id='word_1_236' title='bbox 297 2741 425 2805; x_wconf 78' lang='lat' dir='ltr'><strong>Andria</strong></span> <span class='ocrx_word' id='word_1_237' title='bbox 442 2741 561 2822; x_wconf 63' lang='lat' dir='ltr'><strong>finitm</strong></span> <span class='ocrx_word' id='word_1_238' title='bbox 590 2742 622 2806; x_wconf 91' lang='lat' dir='ltr'><strong>in</strong></span> <span class='ocrx_word' id='word_1_239' title='bbox 645 2743 759 2807; x_wconf 85' lang='lat' dir='ltr'><strong>ceteris</strong></span> <span class='ocrx_word' id='word_1_240' title='bbox 781 2741 941 2806; x_wconf 87' lang='lat' dir='ltr'><strong>codicibus</strong></span> <span class='ocrx_word' id='word_1_241' title='bbox 964 2742 1081 2806; x_wconf 86' lang='lat' dir='ltr'><strong>similia</strong></span> <span class='ocrx_word' id='word_1_242' title='bbox 1102 2748 1193 2818; x_wconf 80' lang='lat' dir='ltr'><strong>sunt,</strong></span> <span class='ocrx_word' id='word_1_243' title='bbox 1224 2738 1336 2804; x_wconf 86' lang='lat' dir='ltr'><strong>addita</strong></span> 
     </span>
     <span class='ocr_line' id='line_1_30' title="bbox 198 2823 1336 2910; baseline -0.003 -20"><span class='ocrx_word' id='word_1_244' title='bbox 198 2828 231 2890; x_wconf 92' lang='lat' dir='ltr'><strong>in</strong></span> <span class='ocrx_word' id='word_1_245' title='bbox 243 2827 426 2891; x_wconf 85' lang='lat' dir='ltr'><strong>Victoriana</strong></span> <span class='ocrx_word' id='word_1_246' title='bbox 450 2826 545 2890; x_wconf 84' lang='lat' dir='ltr'><strong>verba</strong></span> <span class='ocrx_word' id='word_1_247' title='bbox 567 2825 750 2910; x_wconf 77' lang='lat' dir='ltr'><strong>‘Calliopius</strong></span> <span class='ocrx_word' id='word_1_248' title='bbox 771 2826 934 2890; x_wconf 88' lang='lat' dir='ltr'><strong>recensui’.</strong></span> <span class='ocrx_word' id='word_1_249' title='bbox 977 2826 1124 2909; x_wconf 80' lang='lat' dir='ltr'><strong>Quinque</strong></span> <span class='ocrx_word' id='word_1_250' title='bbox 1146 2826 1194 2891; x_wconf 92' lang='lat' dir='ltr'><strong>illi</strong></span> <span class='ocrx_word' id='word_1_251' title='bbox 1218 2826 1252 2889; x_wconf 90' lang='lat' dir='ltr'><strong>in</strong></span> <span class='ocrx_word' id='word_1_252' title='bbox 1266 2823 1336 2909; x_wconf 90' lang='lat' dir='ltr'><strong>qui·</strong></span> 
     </span>
     <span class='ocr_line' id='line_1_31' title="bbox 199 2910 1336 2996; baseline -0.004 -20"><span class='ocrx_word' id='word_1_253' title='bbox 199 2912 257 2977; x_wconf 88' lang='lat' dir='ltr'><strong>bus</strong></span> <span class='ocrx_word' id='word_1_254' title='bbox 279 2910 361 2976; x_wconf 85' lang='lat' dir='ltr'><strong>alter</strong></span> <span class='ocrx_word' id='word_1_255' title='bbox 383 2913 488 2975; x_wconf 85' lang='lat' dir='ltr'><strong>exitus</strong></span> <span class='ocrx_word' id='word_1_256' title='bbox 510 2913 707 2996; x_wconf 89' lang='lat' dir='ltr'><strong>conscriptus</strong></span> <span class='ocrx_word' id='word_1_257' title='bbox 722 2917 780 2988; x_wconf 78' lang='lat' dir='ltr'><strong>est,</strong></span> <span class='ocrx_word' id='word_1_258' title='bbox 801 2911 956 2992; x_wconf 89' lang='lat' dir='ltr'><strong>siquidem</strong></span> <span class='ocrx_word' id='word_1_259' title='bbox 966 2910 1236 2995; x_wconf 83' lang='lat' dir='ltr'><strong>Umpienbachius</strong></span> <span class='ocrx_word' id='word_1_260' title='bbox 1251 2913 1336 2974; x_wconf 88' lang='lat' dir='ltr'><strong>recte</strong></span> 
     </span>
     <span class='ocr_line' id='line_1_32' title="bbox 199 2992 1337 3079; baseline -0.003 -19"><span class='ocrx_word' id='word_1_261' title='bbox 199 3002 322 3061; x_wconf 84' lang='lat' dir='ltr'><strong>textum</strong></span> <span class='ocrx_word' id='word_1_262' title='bbox 344 2995 483 3061; x_wconf 88' lang='lat' dir='ltr'><strong>reddidit</strong></span> <span class='ocrx_word' id='word_1_263' title='bbox 503 2997 537 3061; x_wconf 90' lang='lat' dir='ltr'><strong>in</strong></span> <span class='ocrx_word' id='word_1_264' title='bbox 559 2995 698 3061; x_wconf 89' lang='lat' dir='ltr'><strong>editione</strong></span> <span class='ocrx_word' id='word_1_265' title='bbox 720 3017 795 3076; x_wconf 87' lang='lat' dir='ltr'><strong>sua,</strong></span> <span class='ocrx_word' id='word_1_266' title='bbox 827 2996 953 3061; x_wconf 89' lang='lat' dir='ltr'><strong>eosdem</strong></span> <span class='ocrx_word' id='word_1_267' title='bbox 981 3015 1061 3079; x_wconf 94' lang='lat' dir='ltr'><strong>quos</strong></span> <span class='ocrx_word' id='word_1_268' title='bbox 1084 2992 1256 3061; x_wconf 89' lang='lat' dir='ltr'><strong>Bembinus</strong></span> <span class='ocrx_word' id='word_1_269' title='bbox 1282 3013 1337 3058; x_wconf 84' lang='lat' dir='ltr'><strong>ex-</strong></span> 
     </span>
     <span class='ocr_line' id='line_1_33' title="bbox 197 3081 454 3147; baseline -0.012 0"><span class='ocrx_word' id='word_1_270' title='bbox 197 3081 310 3147; x_wconf 90' lang='lat' dir='ltr'><strong>hibent</strong></span> <span class='ocrx_word' id='word_1_271' title='bbox 330 3100 454 3146; x_wconf 83' lang='lat' dir='ltr'><strong>versus:</strong></span> 
     </span>
    </p>

    <p class='ocr_par' dir='ltr' id='par_1_7' title="bbox 199 3164 1336 3315">
     <span class='ocr_line' id='line_1_34' title="bbox 199 3164 1336 3315; baseline -0.003 -84"><span class='ocrx_word' id='word_1_272' title='bbox 199 3248 220 3315; x_wconf 74' lang='lat' dir='ltr'><strong>d</strong></span> <span class='ocrx_word' id='word_1_273' title='bbox 285 3165 322 3243; x_wconf 88' lang='lat' dir='ltr'><strong>V,</strong></span> <span class='ocrx_word' id='word_1_274' title='bbox 335 3169 364 3242; x_wconf 84' lang='grc'><strong>6,</strong></span> <span class='ocrx_word' id='word_1_275' title='bbox 379 3169 416 3230; x_wconf 86' lang='grc'><strong>13</strong></span> <span class='ocrx_word' id='word_1_276' title='bbox 433 3165 562 3230; x_wconf 87' lang='lat' dir='ltr'><strong>Memini</strong></span> <span class='ocrx_word' id='word_1_277' title='bbox 578 3170 674 3248; x_wconf 84' lang='lat' dir='ltr'><strong>atque</strong></span> <span class='ocrx_word' id='word_1_278' title='bbox 689 3164 769 3229; x_wconf 85' lang='lat' dir='ltr'><strong>adeo</strong></span> <span class='ocrx_word' id='word_1_279' title='bbox 785 3164 946 3245; x_wconf 80' lang='lat' dir='ltr'><strong>longumst</strong></span> <span class='ocrx_word' id='word_1_280' title='bbox 967 3164 1054 3230; x_wconf 91' lang='lat' dir='ltr'><strong>illum</strong></span> <span class='ocrx_word' id='word_1_281' title='bbox 1078 3185 1128 3231; x_wconf 91' lang='lat' dir='ltr'><strong>me</strong></span> <span class='ocrx_word' id='word_1_282' title='bbox 1150 3169 1336 3248; x_wconf 87' lang='lat' dir='ltr'><strong>exspectare</strong></span> 
     </span>
     <span class='ocr_line' id='line_1_35' title="bbox 222 3256 399 3315; baseline -0.006 0"><span class='ocrx_word' id='word_1_283' title='bbox 222 3271 275 3315; x_wconf 92' lang='lat' dir='ltr'><strong>um</strong></span> <span class='ocrx_word' id='word_1_284' title='bbox 296 3256 399 3314; x_wconf 84' lang='lat' dir='ltr'><strong>exeat.</strong></span> 
     </span>
    </p>

    <p class='ocr_par' dir='ltr' id='par_1_8' title="bbox 288 3331 1174 3418">
     <span class='ocr_line' id='line_1_36' title="bbox 288 3331 1174 3418; baseline -0.002 -20"><span class='ocrx_word' id='word_1_285' title='bbox 288 3335 326 3398; x_wconf 82' lang='lat'><strong>14</strong></span> <span class='ocrx_word' id='word_1_286' title='bbox 348 3354 479 3418; x_wconf 89' lang='lat' dir='ltr'><strong>sequere</strong></span> <span class='ocrx_word' id='word_1_287' title='bbox 501 3334 562 3399; x_wconf 90' lang='lat' dir='ltr'><strong>hac</strong></span> <span class='ocrx_word' id='word_1_288' title='bbox 582 3334 679 3401; x_wconf 89' lang='lat' dir='ltr'><strong>intus.</strong></span> <span class='ocrx_word' id='word_1_289' title='bbox 702 3334 786 3417; x_wconf 90' lang='lat' dir='ltr'><strong>apud</strong></span> <span class='ocrx_word' id='word_1_290' title='bbox 810 3331 988 3416; x_wconf 84' lang='lat' dir='ltr'><strong>Glycerium</strong></span> <span class='ocrx_word' id='word_1_291' title='bbox 1010 3354 1096 3398; x_wconf 90' lang='lat' dir='ltr'><strong>nunc</strong></span> <span class='ocrx_word' id='word_1_292' title='bbox 1118 3341 1174 3398; x_wconf 91' lang='lat' dir='ltr'><strong>est.</strong></span> 
     </span>
    </p>

    <p class='ocr_par' dir='ltr' id='par_1_9' title="bbox 200 3417 1338 3924">
     <span class='ocr_line' id='line_1_37' title="bbox 283 3417 1338 3502; baseline -0.004 -18"><span class='ocrx_word' id='word_1_293' title='bbox 283 3419 391 3484; x_wconf 88' lang='lat' dir='ltr'><strong>Verba</strong></span> <span class='ocrx_word' id='word_1_294' title='bbox 417 3440 499 3502; x_wconf 89' lang='lat' dir='ltr'><strong>quae</strong></span> <span class='ocrx_word' id='word_1_295' title='bbox 525 3426 616 3483; x_wconf 87' lang='lat' dir='ltr'><strong>sunt:</strong></span> <span class='ocrx_word' id='word_1_296' title='bbox 654 3421 701 3483; x_wconf 82' lang='lat' dir='ltr'><strong>Tu</strong></span> <span class='ocrx_word' id='word_1_297' title='bbox 723 3421 813 3482; x_wconf 81' lang='lat' dir='ltr'><strong>Dare</strong></span> <span class='ocrx_word' id='word_1_298' title='bbox 834 3418 888 3481; x_wconf 83' lang='lat' dir='ltr'><strong>abi</strong></span> <span class='ocrx_word' id='word_1_299' title='bbox 907 3421 1032 3482; x_wconf 81' lang='lat' dir='ltr'><strong>domam</strong></span> <span class='ocrx_word' id='word_1_300' title='bbox 1056 3439 1132 3483; x_wconf 91' lang='lat' dir='ltr'><strong>num</strong></span> <span class='ocrx_word' id='word_1_301' title='bbox 1160 3417 1338 3502; x_wconf 88' lang='lat' dir='ltr'><strong>praebeant</strong></span> 
     </span>
     <span class='ocr_line' id='line_1_38' title="bbox 200 3499 1334 3588; baseline -0.001 -22"><span class='ocrx_word' id='word_1_302' title='bbox 200 3505 277 3569; x_wconf 84' lang='lat' dir='ltr'><strong>satis</strong></span> <span class='ocrx_word' id='word_1_303' title='bbox 299 3503 443 3587; x_wconf 85' lang='lat' dir='ltr'><strong>intellegi</strong></span> <span class='ocrx_word' id='word_1_304' title='bbox 464 3524 526 3568; x_wconf 90' lang='lat' dir='ltr'><strong>non</strong></span> <span class='ocrx_word' id='word_1_305' title='bbox 550 3509 655 3588; x_wconf 89' lang='lat' dir='ltr'><strong>potest</strong></span> <span class='ocrx_word' id='word_1_306' title='bbox 681 3524 720 3567; x_wconf 86' lang='lat' dir='ltr'><strong>ex</strong></span> <span class='ocrx_word' id='word_1_307' title='bbox 744 3503 986 3586; x_wconf 87' lang='lat' dir='ltr'><strong>Umpienbachii</strong></span> <span class='ocrx_word' id='word_1_308' title='bbox 1014 3502 1074 3567; x_wconf 88' lang='lat' dir='ltr'><strong>scri</strong></span> <span class='ocrx_word' id='word_1_309' title='bbox 1099 3509 1188 3580; x_wconf 85' lang='lat' dir='ltr'><strong>tura,</strong></span> <span class='ocrx_word' id='word_1_310' title='bbox 1217 3499 1334 3565; x_wconf 85' lang='lat' dir='ltr'><strong>verba:</strong></span> 
     </span>
     <span class='ocr_line' id='line_1_39' title="bbox 201 3585 1334 3670; baseline -0.004 -18"><span class='ocrx_word' id='word_1_311' title='bbox 201 3588 264 3652; x_wconf 85' lang='lat' dir='ltr'><strong>Sed</strong></span> <span class='ocrx_word' id='word_1_312' title='bbox 283 3610 386 3653; x_wconf 70' lang='lat' dir='ltr'><strong>comem</strong></span> <span class='ocrx_word' id='word_1_313' title='bbox 408 3588 470 3651; x_wconf 76' lang='lat' dir='ltr'><strong>erit</strong></span> <span class='ocrx_word' id='word_1_314' title='bbox 489 3590 582 3667; x_wconf 79' lang='lat' dir='ltr'><strong>forae</strong></span> <span class='ocrx_word' id='word_1_315' title='bbox 604 3588 644 3652; x_wconf 90' lang='lat' dir='ltr'><strong>dc</strong></span> <span class='ocrx_word' id='word_1_316' title='bbox 666 3603 723 3653; x_wconf 90' lang='lat' dir='ltr'><strong>suc</strong></span> <span class='ocrx_word' id='word_1_317' title='bbox 738 3587 899 3652; x_wconf 88' lang='lat' dir='ltr'><strong>addidisse</strong></span> <span class='ocrx_word' id='word_1_318' title='bbox 915 3588 1040 3652; x_wconf 86' lang='lat' dir='ltr'><strong>videtur</strong></span> <span class='ocrx_word' id='word_1_319' title='bbox 1084 3585 1334 3670; x_wconf 86' lang='lat' dir='ltr'><strong>mpfenbacbius.</strong></span> 
     </span>
     <span class='ocr_line' id='line_1_40' title="bbox 201 3668 1335 3755; baseline -0.004 -19"><span class='ocrx_word' id='word_1_320' title='bbox 201 3672 309 3755; x_wconf 88' lang='lat' dir='ltr'><strong>Neque</strong></span> <span class='ocrx_word' id='word_1_321' title='bbox 340 3672 547 3737; x_wconf 86' lang='lat' dir='ltr'><strong>Doederlinus</strong></span> <span class='ocrx_word' id='word_1_322' title='bbox 576 3692 678 3753; x_wconf 89' lang='lat' dir='ltr'><strong>neque</strong></span> <span class='ocrx_word' id='word_1_323' title='bbox 707 3670 848 3754; x_wconf 83' lang='lat' dir='ltr'><strong>Guyetus</strong></span> <span class='ocrx_word' id='word_1_324' title='bbox 878 3677 1144 3749; x_wconf 85' lang='lat' dir='ltr'><strong>commemorant,</strong></span> <span class='ocrx_word' id='word_1_325' title='bbox 1177 3668 1335 3753; x_wconf 89' lang='lat' dir='ltr'><strong>quomodo</strong></span> 
     </span>
     <span class='ocr_line' id='line_1_41' title="bbox 203 3753 1336 3841; baseline -0.003 -23"><span class='ocrx_word' id='word_1_326' title='bbox 203 3778 308 3821; x_wconf 80' lang='lat' dir='ltr'><strong>uersus</strong></span> <span class='ocrx_word' id='word_1_327' title='bbox 329 3758 384 3841; x_wconf 90' lang='lat' dir='ltr'><strong>qui</strong></span> <span class='ocrx_word' id='word_1_328' title='bbox 407 3757 598 3820; x_wconf 89' lang='lat' dir='ltr'><strong>antecedunt</strong></span> <span class='ocrx_word' id='word_1_329' title='bbox 619 3759 652 3820; x_wconf 92' lang='lat' dir='ltr'><strong>in</strong></span> <span class='ocrx_word' id='word_1_330' title='bbox 675 3755 899 3840; x_wconf 87' lang='lat' dir='ltr'><strong>manuscriptis</strong></span> <span class='ocrx_word' id='word_1_331' title='bbox 919 3757 975 3837; x_wconf 84' lang='lat' dir='ltr'><strong>iis,</strong></span> <span class='ocrx_word' id='word_1_332' title='bbox 1006 3776 1089 3839; x_wconf 88' lang='lat' dir='ltr'><strong>quae</strong></span> <span class='ocrx_word' id='word_1_333' title='bbox 1110 3755 1246 3820; x_wconf 85' lang='lat' dir='ltr'><strong>alterum</strong></span> <span class='ocrx_word' id='word_1_334' title='bbox 1269 3753 1336 3816; x_wconf 81' lang='lat' dir='ltr'><strong>exi-</strong></span> 
     </span>
     <span class='ocr_line' id='line_1_42' title="bbox 203 3841 678 3924; baseline 0 -21"><span class='ocrx_word' id='word_1_335' title='bbox 203 3847 269 3903; x_wconf 89' lang='lat' dir='ltr'><strong>tum</strong></span> <span class='ocrx_word' id='word_1_336' title='bbox 312 3841 452 3918; x_wconf 76' lang='lat' dir='ltr'><strong>mebant,</strong></span> <span class='ocrx_word' id='word_1_337' title='bbox 473 3842 581 3924; x_wconf 90' lang='lat' dir='ltr'><strong>scripti</strong></span> <span class='ocrx_word' id='word_1_338' title='bbox 604 3841 678 3905; x_wconf 89' lang='lat' dir='ltr'><strong>sint.</strong></span> 
     </span>
    </p>

    <p class='ocr_par' dir='ltr' id='par_1_10' title="bbox 286 3865 751 3991">
     <span class='ocr_line' id='line_1_43' title="bbox 286 3865 751 3991; baseline -0.004 0"><span class='ocrx_word' id='word_1_339' title='bbox 286 3865 409 3991; x_wconf 62' lang='lat' dir='ltr'><strong>gmisso</strong></span> <span class='ocrx_word' id='word_1_340' title='bbox 430 3925 546 3990; x_wconf 90' lang='lat' dir='ltr'><strong>deinde</strong></span> <span class='ocrx_word' id='word_1_341' title='bbox 568 3946 659 3989; x_wconf 85' lang='lat' dir='ltr'><strong>versu</strong></span> <span class='ocrx_word' id='word_1_342' title='bbox 684 3930 751 3989; x_wconf 72' lang='lat' dir='ltr'><strong>lo:</strong></span> 
     </span>
    </p>
   </div>
   <div class='ocr_carea' id='block_1_5' title="bbox 240 4095 968 4187">
    <p class='ocr_par' dir='ltr' id='par_1_11' title="bbox 240 4095 968 4187">
     <span class='ocr_line' id='line_1_44' title="bbox 240 4095 968 4187; baseline -0.005 -18"><span class='ocrx_word' id='word_1_343' title='bbox 240 4180 244 4187; x_wconf 70' lang='lat'>‚</span> <span class='ocrx_word' id='word_1_344' title='bbox 274 4116 296 4185; x_wconf 86' lang='grc'><strong>1)</strong></span> <span class='ocrx_word' id='word_1_345' title='bbox 330 4116 476 4171; x_wconf 89' lang='lat' dir='ltr'><strong>lectionem</strong></span> <span class='ocrx_word' id='word_1_346' title='bbox 493 4115 630 4170; x_wconf 87' lang='lat' dir='ltr'><strong>variarum</strong></span> <span class='ocrx_word' id='word_1_347' title='bbox 647 4115 724 4168; x_wconf 86' lang='lat' dir='ltr'><strong>trias.</strong></span> <span class='ocrx_word' id='word_1_348' title='bbox 758 4095 968 4182; x_wconf 64' lang='lat' dir='ltr'><strong>Erlang.1839}</strong></span> 
     </span>
    </p>
   </div>
   <div class='ocr_carea' id='block_1_6' title="bbox 0 0 1471 4658">
    <p class='ocr_par' dir='ltr' id='par_1_12' title="bbox 0 0 1471 4658">
     <span class='ocr_line' id='line_1_45' title="bbox 0 0 1471 4658; baseline 0 0"><span class='ocrx_word' id='word_1_349' title='bbox 0 0 1471 4658; x_wconf 95' lang='lat' dir='ltr'><strong> </strong></span> 
     </span>
    </p>
   </div>
  </div>
 </body>
</html>
