2930 4658
737 311 776 371 27

192 497 338 565 additum
382 499 505 575 uteres,
528 494 587 560 hec
609 516 673 559 non
694 495 772 559 satis
794 497 942 558 accurate
964 490 1093 557 dietum.
1138 490 1175 556 ld
1198 488 1325 574 quidem

192 517 442 657 concedsudhm‚
477 579 561 662 quod
583 579 745 645 Chaereae
775 577 878 642 serbis
906 577 984 642 insit
1014 576 1092 640 satis
1120 580 1231 641 notum
1256 594 1325 641 csse

192 665 425 751 spectantibus3
445 669 589 730 attamen
611 687 673 730 non
698 664 800 729 solum
822 670 973 726 narratur
994 661 1033 727 iis
1046 661 1102 726 sed
1117 662 1213 727 etiam
1225 659 1326 725 Chae-

192 772 250 816 rea
269 751 347 817 hene
368 756 490 834 gestam
512 770 579 814 rem
601 750 740 826 exsultat
761 749 863 831 deque
884 767 922 812 ea
943 768 978 812 re
999 767 1105 811 secum
1133 744 1326 828 colloquitur

194 837 253 901 sibi
284 835 345 918 ipsi
377 834 639 914 gratulabundus.
693 833 838 899 Paullum
867 831 965 915 igitur
992 838 1117 896 mutare
1142 830 1325 895 Terentium

194 921 334 1005 oportuit
355 918 523 983 Menandri
545 920 640 985 verba
662 927 695 983 et
716 918 834 983 addere
848 916 1015 1000 quaedam,
1036 917 1091 982 sed
1107 914 1265 1001 permulta
1285 933 1326 979 ex

192 1006 368 1070 Menandro
390 1025 513 1068 sumere
534 1005 634 1070 licuit.
680 1004 727 1068 Ea
747 1024 830 1087 qnae
845 1001 959 1068 deinde
974 1002 1105 1085 exponit
1124 1003 1189 1066 iam
1204 998 1326 1065 Teuffe-

191 1091 253 1155 lius
270 1095 294 1167 ¹)
317 1089 452 1154 adnotat
475 1092 584 1154 miuus·
598 1097 675 1174 apta
698 1110 767 1154 esse
788 1088 994 1172 paullnmque
1016 1086 1143 1152 lhnium
1165 1084 1324 1150 aberrare.

191 1174 363 1240 Permultis
384 1173 460 1239 locis
482 1181 607 1240 constat
624 1176 738 1240 Donati
754 1171 874 1238 scholia
895 1193 916 1237 a
937 1171 1121 1257 posterioria
1143 1169 1258 1235 aetatis
1278 1168 1325 1233 in·

193 1266 332 1343 terprete
352 1265 446 1323 ancta
468 1266 501 1324 et
521 1261 554 1324 in
576 1262 667 1345 peius
680 1258 852 1325 emendata
867 1277 949 1335 esse;
967 1277 1073 1340 neque
1088 1276 1162 1321 vero
1177 1254 1242 1322 ullo
1257 1253 1326 1320 loco

193 1366 232 1409 ex
253 1346 292 1408 iis
337 1365 393 1409 uos
414 1343 508 1409 affert
523 1351 587 1409 tam
604 1346 753 1411 distincte
768 1347 1041 1418 commemoratur,
1064 1340 1221 1425 quomodo
1240 1338 1326 1425 apud

193 1365 401 1496 Menandrum
417 1429 505 1495 lcous
521 1429 697 1515 descriptus
716 1429 822 1495 fuerit.
866 1428 928 1507 Qui
949 1428 1077 1509 gravius
1097 1424 1265 1491 accusatur
1287 1443 1326 1489 ex

192 1515 244 1592 iis,
268 1535 347 1596 quos
368 1511 475 1592 affert,
497 1514 574 1580 locis
594 1517 658 1581 iam
681 1536 701 1579 a
721 1511 873 1578 Teuffelio
895 1511 1072 1595 explicatus
1093 1517 1149 1576 est

275 1599 386 1682 Neque
408 1620 481 1664 sero
503 1599 573 1681 plus
594 1602 700 1665 valere
722 1598 799 1663 mihi
820 1597 945 1662 ridetur
966 1596 1051 1680 quod
1068 1599 1327 1677 argumentorum

192 1686 285 1749 affert
305 1682 436 1747 Teuffel.
485 1684 631 1767 Namque
659 1691 746 1749 reete
776 1682 945 1748 adnotasse
990 1687 1045 1746 uto
1068 1681 1104 1758 V,
1127 1686 1156 1758 8,
1179 1686 1200 1744 4
1222 1678 1327 1743 Dono·

145 1784 149 1791 ·
192 1777 278 1832 tum:
301 1769 433 1830 Inventa
451 1789 587 1850 perseam
608 1780 651 1833 est
672 1770 717 1833 ad
736 1788 830 1853 quam
850 1775 936 1849 qesta
1000 1788 1034 1830 eo
1048 1775 1156 1831 aanor
1174 1763 1325 1839 Chaerea,

194 1861 228 1914 at
245 1851 381 1934 populas
402 1861 431 1913 et
452 1852 540 1916 miles
560 1854 735 1917 instruatur
756 1852 834 1936 qaid
847 1852 931 1917 intas
944 1860 1062 1935 pectam
1076 1850 1127 1914 sit.
1165 1847 1326 1935 deprimo

192 1937 320 2020 quidem
343 1936 516 2002 allocutum
539 1958 607 2002 esse
630 1939 805 2004 Chaeream
827 1943 928 2021 putes,
958 1938 1034 2020 quia
1057 1938 1089 2001 in
1112 1956 1208 2000 scena
1228 1938 1329 2010 eraut,

192 2020 392 2086 Gnathonem
415 2028 448 2085 et
466 2022 675 2100 Thrasonem
699 2043 801 2105 neque
823 2042 896 2086 vero
918 2023 1042 2099 mirum,
1065 2020 1151 2105 quod
1165 2019 1198 2085 hi
1214 2017 1328 2084 deinde

191 2106 404 2190 negleguntur
425 2128 524 2191 usque
546 2108 588 2173 ad
610 2131 638 2173 v.
661 2113 712 2174 40.
757 2108 827 2172 Hoc
851 2107 936 2172 enirn
958 2107 1005 2171 ita
1025 2105 1178 2188 explices,
1211 2109 1248 2170 ut
1274 2124 1326 2169 ex·

191 2192 311 2256 sultare
333 2212 405 2255 eum
428 2193 548 2278 nuptiis
570 2199 602 2257 et
622 2195 822 2276 interrogare
845 2199 877 2257 et
898 2192 1091 2277 respondere
1105 2190 1165 2255 sibi
1180 2190 1241 2274 ipsi
1256 2209 1327 2254 een·

192 2296 277 2353 seas;
300 2296 405 2341 seeum
427 2277 608 2361 loquentem
631 2280 740 2344 videas
762 2298 834 2342 eum
856 2299 883 2341 s.
910 2282 947 2342 ld
970 2297 996 2341 e.
1014 2297 1044 2359 q.
1065 2296 1088 2339 s.
1133 2275 1226 2345 Hunc
1247 2293 1329 2359 quae

192 2360 277 2444 apud
299 2360 508 2426 Menandrum
537 2372 622 2441 erat,
657 2363 897 2429 meditationem
925 2362 1061 2426 mutavit
1086 2360 1254 2426 Terentius
1282 2359 1331 2422 in·

191 2445 330 2510 toriectis
346 2466 428 2527 quae
442 2447 595 2512 Parmeno
610 2448 761 2531 loquitur.
801 2449 903 2531 litque
918 2447 997 2511 haec
1013 2446 1218 2511 Parmenonis
1233 2443 1328 2510 verba

189 2530 370 2594 Terentium
385 2531 540 2596 iuvenisse
554 2533 792 2610 dioitDouatua
809 2554 872 2597 non
884 2551 1008 2596 omnem
1019 2551 1197 2614 personam.
1221 2529 1326 2595 Misus

187 2621 262 2699 apte
284 2614 412 2698 quidem
434 2617 595 2700 scripsisse
617 2639 689 2683 eum
712 2618 919 2683 adnotantem
941 2617 1082 2680 ‘quenta
1101 2637 1236 2698 persona
1257 2615 1323 2688 σεῖ’,

189 2700 434 2765 concedendum.
480 2704 628 2767 Attamen
651 2703 711 2767 hoo
731 2701 882 2786 perfacile
904 2701 1037 2785 quisque
1058 2706 1242 2784 eognoscat,
1270 2698 1330 2764 hoc

189 2785 319 2848 verbum
343 2784 485 2848 ‘inventa’
508 2807 571 2851 non
596 2809 663 2852 esse
685 2788 733 2852 ita
755 2786 976 2870 exponendum
996 2792 1034 2850 ut
1053 2785 1236 2851 Terentium
1258 2804 1327 2848 om·

189 2891 262 2934 nem
286 2870 368 2932 hanc
389 2889 556 2952 personam
580 2872 736 2938 invenisse
760 2872 903 2936 Donatus
925 2871 1072 2947 adnotet,
1105 2870 1159 2936 sed
1187 2872 1234 2934 ita
1255 2877 1327 2933 tan·

189 2961 257 3018 tum
279 2961 316 3017 ut
331 2954 561 3019 Parmenonem
584 2958 615 3019 in
638 2957 699 3021 hae
715 2956 884 3022 Menandri
905 2975 999 3020 scena
1021 2975 1082 3019 non
1105 2955 1259 3039 prodiisse
1281 2953 1328 3018 di·

190 3046 251 3100 eat.
303 3039 349 3103 Ne
379 3037 440 3103 hoc
468 3039 596 3121 quidem
627 3047 713 3105 recte
740 3062 812 3105 eum
836 3040 953 3104 dixisse
975 3039 1147 3104 Teuffelius
1169 3040 1330 3124 disputat3

191 3120 260 3182 fieri
281 3125 420 3203 potuisse
443 3130 554 3207 negat,
586 3125 663 3208 quin
686 3145 791 3189 secum
815 3124 900 3188 solus
923 3124 1066 3189 Chaerea
1089 3124 1332 3208 colloqueretur,

192 3223 288 3287 quam
305 3226 385 3289 qnae
400 3209 617 3274 renuntianda
640 3215 732 3274 erant
753 3230 816 3274 non
840 3209 880 3273 ad
904 3230 976 3274 eum
999 3210 1101 3276 solum
1125 3211 1329 3293 pertinerent.

194 3293 235 3353 lt
256 3295 362 3365 erant,
386 3295 500 3374 quibus
521 3294 655 3361 referret
677 3295 804 3361 Gnatho
828 3302 860 3360 et
882 3294 1021 3368 Thraso.
1049 3317 1127 3377 quos
1149 3294 1214 3359 iam
1236 3301 1332 3360 antea

189 3371 358 3459 populares
374 3378 550 3458 appellatos
571 3402 642 3447 eum
667 3381 782 3445 vidisse
805 3401 932 3445 necesse
954 3387 1012 3446 est.
1056 3379 1101 3445 Ut
1122 3381 1183 3444 hoo
1205 3380 1331 3458 addam,

190 3479 272 3541 quae
294 3478 391 3521 oausa
413 3463 455 3524 sit
475 3464 681 3530 Parmenonis
709 3468 742 3530 in
774 3467 832 3531 hac
863 3485 959 3529 scena
989 3464 1106 3537 additi.
1144 3465 1329 3548 produxisse

190 3564 314 3609 servum
327 3546 354 3619 2)
377 3550 455 3626 puto
477 3567 547 3612 eum
570 3551 689 3615 ideireo
712 3551 881 3615 utendam
904 3571 967 3633 quo
989 3551 1020 3613 iu
1041 3550 1161 3615 Andria
1176 3549 1214 3614 fit
1235 3550 1329 3615 modo

188 3629 374 3726 landaretur
402 3629 613 3716 solatiumque
636 3636 665 3699 ei
688 3634 857 3701 afferretur
879 3634 1004 3699 timoris
1026 3655 1046 3698 a
1069 3634 1183 3719 Pythia
1203 3635 1331 3715 iniecti3

191 3720 236 3777 1ta
263 3734 330 3778 rem
361 3734 428 3779 esse
458 3716 554 3781 etiam
579 3718 720 3785 Donatus
748 3721 839 3785 testis
868 3724 917 3783 est
947 3718 1106 3785 adnotans
1129 3720 1170 3784 ad
1192 3719 1230 3796 V,
1254 3723 1325 3793 8,5

189 3799 284 3861 Plena
305 3798 446 3863 medalio
467 3809 512 3863 est
532 3811 561 3865 et
582 3812 701 3868 constat
721 3805 777 3868 doe
803 3805 975 3869 Chaeream
997 3805 1154 3870 laudatiae
1175 3805 1288 3867 dicere.

260 4028 279 4095 ¹)
314 4030 429 4085 Studien
445 4029 503 4084 und
519 4029 682 4084 Charaetsre
699 4046 726 4096 p.
745 4031 805 4085 282.

224 4165 228 4176 Ι
257 4099 279 4219 lt)
314 4099 388 4168 Opns
401 4118 456 4154 non
468 4103 528 4153 erat
538 4101 733 4153 Parmenonem
751 4101 826 4155 mitti
844 4117 876 4154 es
893 4100 929 4154 de
946 4116 1027 4153 censs
1045 4105 1075 4154 ut
1084 4101 1219 4156 Phaedria
1236 4103 1318 4158 domo

187 4184 282 4221 exire.
