2930 4658
723 314 762 374 26

177 496 271 562 modo
293 496 347 576 Ν,
370 502 400 574 7,
422 510 518 580 quam
540 516 667 562 scenam
682 503 812 581 propter
826 498 935 563 militis
949 498 1092 563 facinora
1108 498 1151 562 ibi
1167 496 1309 561 exhibita

175 598 194 644 s
216 581 331 647 Colace
353 583 551 666 desumptam
573 602 641 648 esse
664 602 791 647 necesse
814 584 868 661 sit,
892 583 1068 649 Chremetis
1090 601 1224 668 persona
1246 582 1308 644 Eu-

175 666 272 732 nuchi
296 666 479 732 Menandrei
502 668 631 752 propria
653 687 721 733 esse
742 667 854 748 possit,
890 668 923 733 id
953 670 1000 732 ita
1025 667 1120 733 solvit
1150 674 1186 730 ut
1215 667 1309 731 huius

175 769 287 816 scenae
310 751 507 817 Chremetem
530 772 659 836 prorsus
680 751 778 817 elium
801 772 868 817 esse
890 759 986 836 etque
1009 773 1117 819 earum
1139 773 1222 835 quae
1239 770 1307 814 ,an-

173 836 333 914 tecedunt
357 837 512 921 huiusque
533 859 645 903 scenae
661 837 859 903 Chremetem
882 859 900 903 e
923 839 1046 917 Colace,
1068 843 1246 902 ceterarum
1269 857 1308 900 ex

175 921 328 987 Eunucho
354 922 543 987 translatum
570 930 707 987 senseat.
760 922 870 1006 Neque
901 945 974 988 vero
1007 923 1067 988 hoe
1099 921 1307 1005 probandum.

174 1006 319 1089 Namque
341 1028 381 1072 ns
401 1009 435 1073 in
456 1007 495 1071 iis
518 1027 600 1089 quae
622 1006 815 1073 antecedunt
835 1007 962 1092 quidem
985 1008 1087 1073 scenis
1107 1005 1306 1071 Chremetem

174 1091 312 1157 Terentii
335 1093 468 1158 eundem
491 1091 586 1157 fuisse
607 1099 705 1177 atque
728 1091 892 1157 Menandri
914 1114 955 1178 ap
978 1100 1057 1158 aret.

259 1177 320 1241 Sed
349 1177 388 1241 de
417 1198 451 1241 re
480 1177 540 1242 hae
568 1178 660 1242 inira.
706 1177 774 1242 Hoc
804 1178 933 1242 reiciam
957 1115 1073 1253 liceat,
1107 1176 1306 1241 Chremetem

176 1261 229 1337 lv,
253 1268 270 1325 7
293 1262 390 1326 alium
413 1270 599 1345 essentque
623 1264 676 1340 IV,
699 1268 727 1327 6.
772 1262 867 1327 Certe
889 1263 942 1341 Ν,
966 1268 984 1325 C
1012 1263 1090 1328 satis
1117 1261 1246 1325 timidus
1275 1267 1308 1325 et

174 1346 293 1411 rustico
314 1367 401 1412 more
424 1353 483 1426 est,
508 1348 560 1423 Ν,
584 1354 601 1409 7
626 1355 773 1413 strenuus
795 1347 1027 1429 quodammodo
1049 1354 1082 1412 et
1102 1366 1217 1430 magno
1240 1348 1308 1410 ani·

174 1452 241 1511 mo;
264 1432 319 1497 sed
341 1433 491 1497 facillime
513 1433 572 1496 hoc
593 1433 639 1496 ita
661 1433 765 1497 solvas
786 1437 832 1507 ut,
855 1454 951 1515 quum
968 1434 1021 1512 IV,
1039 1438 1057 1495 6
1072 1453 1191 1517 pavore
1205 1451 1307 1515 paene

173 1522 317 1582 mortuus
338 1523 429 1594 esset,
451 1517 626 1582 meretricis
647 1517 721 1582 forti
744 1516 849 1589 animo
865 1518 1214 1600 adhortationibusque,
1235 1537 1307 1600 por·

175 1601 355 1667 tie-clausis
375 1603 419 1686 (v.
436 1607 508 1681 lt),
530 1602 616 1666 haud
640 1604 743 1666 minus
766 1602 883 1687 ineptis
903 1603 1014 1667 militis
1035 1604 1129 1668 minis
1153 1601 1308 1667 aThaide

172 1686 276 1752 illusis
297 1689 438 1751 animum
459 1687 601 1771 recipiat,
624 1690 761 1771 primum
777 1689 887 1770 paucis
905 1688 1101 1772 interpositis
1124 1687 1228 1753 verbis
1249 1688 1307 1751 mi·

173 1771 262 1837 litem
284 1772 467 1857 alloquetur
482 1777 521 1850 ¹),
554 1771 669 1836 deinde
698 1771 781 1836 male
808 1779 956 1856 acceptus
984 1775 1124 1857 satisque
1146 1793 1179 1837 se
1201 1778 1306 1836 tutum

173 1863 245 1940 post
268 1863 376 1941 portas
396 1857 521 1922 clausas
542 1862 630 1920 ratus
652 1856 800 1921 conviciis
820 1858 985 1921 adoriatur
1007 1858 1224 1922 adversarium
1240 1857 1307 1921 aui·

174 1960 322 2026 mumque
337 1943 496 2027 praebeat.
527 1942 595 2006 Hoc
612 1941 810 2007 verisimilius
825 1943 901 2006 mihi
917 1942 1044 2024 quidem
1062 1943 1187 2007 videtur
1210 1961 1305 2025 quam

170 2028 275 2177 qqnioi
297 2028 387 2092 nulla
408 2028 519 2092 addita
541 2048 647 2107 causa,
670 2028 766 2092 alium
790 2048 858 2091 esee
874 2028 1071 2092 Chremetem
1095 2029 1182 2104 Ν,7
1205 2028 1301 2090 alium

222 2117 282 2191 ,6.

259 2196 296 2261 ld
318 2216 380 2259 non
403 2196 593 2280 negaverim,
614 2198 724 2262 eodem
747 2197 849 2276 modo,
872 2218 935 2280 quo
956 2197 989 2260 in
1011 2198 1156 2262 omnibus
1174 2195 1302 2260 Menan·

174 2281 225 2353 dri
250 2281 433 2356 comoediis,
466 2283 562 2346 etism
592 2283 624 2346 in
650 2282 802 2346 Eunucho
833 2288 866 2346 et
887 2282 1000 2347 Colace
1023 2290 1129 2364 partes
1151 2280 1304 2366 quasdam

174 2365 291 2432 similes
313 2367 423 2444 fuisse,
460 2368 575 2450 quoin
597 2388 730 2432 numero
750 2374 800 2431 est
822 2368 970 2431 meretrix
993 2367 1239 2450 uniuscuiusque
1260 2366 1306 2429 fa-

175 2452 269 2517 bulae
290 2452 435 2600 propritim
458 2452 514 2516 sed
528 2459 656 2536 praeter
670 2453 802 2516 militem
818 2453 1058 2536 parasitumque
1081 2451 1160 2517 alias
1181 2471 1307 2535 quoque

171 2556 325 2687 peqsonas
372 2537 526 2600 erentium
554 2538 755 2601 transtulisse
787 2545 821 2602 ut
852 2544 1015 2621 putemus,
1053 2559 1115 2600 non
1146 2536 1307 2618 estquod

173 2623 214 2687 ad
236 2628 321 2686 ucat.
939 2661 942 2667 ·

260 2708 371 2772 Restat
391 2707 466 2784 iam,
490 2711 526 2770 ut
547 2707 656 2791 paucis
678 2707 869 2771 disseramus
891 2708 930 2771 de
952 2707 1139 2791 Antiphonis
1161 2724 1307 2789 persona.

106 2795 109 2803 “
175 2792 319 2857 Donatus
340 2791 425 2856 enim
448 2792 488 2855 ad
512 2792 570 2870 ΙΙΙ,
593 2798 612 2856 4
634 2791 782 2856 adnotat:
808 2793 895 2854 Beroe
908 2791 1032 2855 inventa
1046 2813 1178 2874 persona
1193 2801 1237 2854 est
1256 2790 1309 2853 cui

174 2886 283 2941 namet
307 2874 462 2952 Chaerea,
499 2899 537 2939 rie
564 2897 643 2939 urus
673 2876 727 2937 diu
750 2877 894 2960 loquatur
916 2886 951 2939 ut
971 2879 1057 2960 apud
1078 2877 1303 2940 Menandrum.

173 2963 278 3046 Negat
300 2962 410 3026 lhniue
433 2962 491 3028 hoo
514 2969 558 3024 ‘at
578 2962 667 3044 apssd
686 2962 912 3024 Menandrum’
937 2962 1052 3026 llonati
1074 2981 1150 3024 esse.
1195 2960 1306 3042 Neque

172 3069 232 3132 ego
254 3044 381 3131 quidem
405 3046 594 3112 Grauertum
618 3046 731 3130 probo,
754 3048 837 3111 hanc
859 3067 1024 3131 personam
1049 3066 1068 3110 a
1089 3046 1237 3108 Terentio
1259 3045 1308 3108 in·

173 3139 300 3201 ventam
323 3139 502 3196 censentem
525 3132 580 3197 sed
600 3133 647 3195 ita
670 3132 831 3196 inventam
849 3152 919 3196 eam
935 3153 1001 3196 esse
1017 3136 1101 3213 puto,
1124 3135 1160 3192 ut
1175 3151 1215 3193 ex
1230 3151 1307 3212 qua-

173 3217 252 3283 libet
276 3217 342 3282 alia
363 3223 420 3281 aut
443 3217 608 3281 Menandri
632 3223 688 3280 aut
708 3217 923 3299 cuiuscunque
944 3222 1056 3301 poetae
1077 3213 1189 3279 fabula
1209 3216 1303 3278 talem

173 3302 288 3368 nobilis
302 3302 423 3367 iuvenis
439 3302 640 3367 Atheniensis
661 3301 776 3364 festum
798 3302 882 3366 diem
904 3302 1029 3383 agentis
1049 3321 1217 3384 personam
1238 3318 1303 3361 mu·

173 3394 299 3453 tuatum
322 3388 503 3451 audientem
526 3388 644 3451 laceret
666 3405 748 3467 quae
763 3385 886 3449 Chares
907 3393 1026 3449 narrat.
1064 3385 1172 3468 Neque
1186 3382 1302 3459 dubito,

174 3473 252 3556 quin
281 3491 350 3535 eam
381 3493 548 3555 personam
580 3471 619 3535 de
648 3491 705 3534 suo
734 3470 893 3534 addiderit
914 3470 1089 3534 Terentius.
1141 3469 1247 3534 lhoius
1266 3472 1304 3527 ut

174 3555 358 3623 Terentium
380 3564 437 3621 aut
458 3557 497 3621 de
520 3578 576 3620 suo
598 3561 655 3620 aut
676 3577 715 3618 ex
737 3555 799 3619 alio
821 3560 916 3639 poeta
931 3561 1112 3619 mutuatum
1127 3554 1183 3616 has
1197 3556 1304 3634 partes

176 3641 334 3708 addidisse
358 3647 451 3722 neget
471 3641 649 3724 falsumque
671 3661 738 3705 esse
761 3647 805 3703 ‘ut
825 3641 911 3723 apud
925 3638 1149 3703 Menandrum’
1169 3641 1305 3713 censeat,

175 3728 264 3792 nulle
285 3747 320 3789 re
342 3725 510 3790 adducitur
532 3727 593 3790 nisi
615 3747 673 3790 sua
694 3727 792 3810 ipsius
814 3725 981 3801 sententia,
1004 3730 1054 3788 tot
1073 3744 1180 3789 versus
1190 3720 1307 3785 Teren·

175 3813 256 3877 tium
286 3810 422 3874 scribere
452 3832 514 3876 non
542 3811 682 3895 potuisse
710 3810 890 3875 iudicantis.
934 3809 1024 3888 Quod
1046 3811 1183 3893 primum
1206 3805 1307 3883 affert,

177 3896 235 3974 ΙΙΙ,
248 3903 275 3959 4.
289 3899 318 3959 5.
333 3899 372 3959 25
389 3916 497 3961 versus
512 3895 649 3960 Terentii
672 3897 817 3979 proprios
838 3914 905 3959 esse
928 3895 955 3958 si
974 3894 1186 3977 Antiphonem
1209 3891 1249 3955 ab
1271 3910 1308 3954 eo

247 4099 269 4163 1)
305 4097 372 4150 Don.
390 4095 425 4148 ad
443 4094 488 4163 Ν,
508 4097 532 4162 7,
554 4097 598 4147 18:
625 4094 658 4144 Se
671 4091 792 4161 primum
811 4089 953 4161 shterpom't
973 4081 1095 4147 Chremes
1113 4091 1142 4138 ut
1159 4087 1308 4140 adrsleecen·

179 4166 248 4220 tulus
261 4166 349 4236 potuit
367 4163 421 4217 iam
441 4167 532 4232 fracto
550 4162 641 4215 milite.
