2930 4658
695 269 715 330 8

132 474 224 518 servo
245 452 293 517 ita
313 453 346 516 in
370 450 534 518 Perinthia
556 472 628 516 cum
650 471 757 516 uxore.
805 448 909 514 Verba
930 448 1000 524 ita,
1033 446 1078 512 ut’
1110 451 1270 512 nontam

133 547 214 601 ‘cnm
236 536 345 604 uxore'
367 542 401 601 et
423 543 506 600 ‘cum
525 535 648 601 liberte'
669 540 852 620 opponunt,
881 548 977 616 quam
1004 532 1038 596 in
1066 538 1203 616 utraque
1224 531 1272 596 fa-

132 622 208 687 bula
231 621 431 700 collocutum,
453 641 516 685 non
541 621 641 685 solum
664 619 806 684 locutum
828 639 897 683 esse
919 618 964 696 tid
987 617 1073 701 quod
1094 617 1128 681 in
1151 616 1272 682 Andria

133 705 302 771 Menandri
325 705 415 781 tacit)
437 724 545 769 senem
566 704 715 770 efficiunt.
1185 723 1191 733 ·

218 789 281 856 Sed
303 790 364 855 hon
385 789 551 854 accasione
573 791 658 855 data.
702 788 791 853 Haeo
812 788 910 870 igitur
932 787 1034 868 prima
1056 805 1167 861 scena,
1199 805 1271 849 oum

132 874 244 940 eadem
266 876 299 939 in
322 873 487 938 Perinthia
509 874 644 956 quaein
671 873 791 938 Andria
809 873 871 948 sit,
906 871 999 936 facile
1028 869 1164 955 perspici
1193 876 1272 953 puto

133 958 173 1023 de
196 978 320 1023 summa
341 958 520 1040 argumenti
542 958 622 1022 nihil
643 958 676 1022 iu
694 957 858 1022 Perinthia
878 957 1090 1021 aMenandro
1112 960 1272 1020 mutatum

134 1064 212 1109 eoae.
261 1043 350 1107 Idem
381 1042 441 1106 hoo
462 1042 601 1125 quadrat
622 1042 662 1105 ad
685 1042 718 1106 id
741 1042 826 1125 quod
849 1041 941 1107 addit
964 1041 1108 1106 Donatus
1130 1040 1170 1104 ad
1192 1038 1272 1122 prol.

132 1148 162 1191 v.
189 1131 237 1192 10.
278 1124 577 1190 detondeantur
598 1137 670 1190 sant
686 1136 816 1226 praeter
838 1128 914 1189 daos
936 1127 1033 1198 Mena,
1067 1125 1201 1189 alterum
1230 1124 1274 1187 nd

132 1233 236 1276 ursas
261 1213 317 1288 ll,
350 1211 483 1274 alteram
505 1213 550 1273 ad
568 1213 624 1286 20,
646 1232 700 1295 qur
721 1210 755 1274 in
777 1219 908 1295 utraque
927 1211 1041 1292 fadaia
1065 1209 1162 1292 positi
1187 1217 1270 1272 sunt.

132 1296 260 1361 Mutato
274 1297 359 1360 enim
375 1302 561 1377 argumento
584 1302 620 1360 ut
640 1297 710 1378 ipsa
731 1297 827 1361 verba
841 1296 873 1360 in
891 1295 1055 1360 Perinthia
1069 1299 1273 1359 servarentur

132 1388 307 1463 aptumque
328 1380 432 1444 locum
454 1379 635 1446 invenirent
654 1381 707 1443 vix
728 1379 798 1445 fieri
819 1381 932 1464 potuit.
977 1379 1023 1446 Ut
1043 1380 1103 1444 hoc
1132 1377 1273 1456 afferam,

133 1464 252 1529 Donati
273 1465 490 1529 testimonium
512 1464 553 1530 ad
576 1464 745 1530 Menandri
775 1463 902 1530 fabulas
925 1464 1079 1529 Andriam
1109 1470 1142 1528 et
1164 1463 1273 1528 Perin-

133 1549 235 1614 thiam
256 1549 404 1632 pertinet.

217 1633 286 1697 Iam
307 1632 393 1716 quod
422 1640 643 1715 argumentum
672 1634 715 1713 sit
743 1634 871 1699 fabulae
895 1634 1106 1705 Terentianae
1132 1652 1272 1714 quuma

133 1718 289 1782 Granerto
311 1717 430 1801 optime
448 1717 625 1802 expositum
649 1718 705 1795 sit,
732 1718 881 1784 hocloco
904 1718 1115 1783 omittendum
1136 1717 1272 1781 videtur.

132 1801 318 1867 Arctiseime
332 1823 415 1885 quae
429 1801 604 1866 Grauertus
618 1804 782 1867 enarravit
795 1803 879 1868 inter
894 1824 927 1867 ee
950 1802 1118 1868 cohaerere
1139 1806 1274 1886 apparet

133 1907 236 1970 neque
257 1886 327 1951 fieri
349 1907 440 1970 posse
457 1892 544 1970 puto,
566 1892 604 1950 nt
625 1887 733 1971 aliqua
755 1908 864 1952 earum
888 1908 994 1952 rerum
1018 1888 1157 1951 omnium
1181 1891 1274 1970 parte

133 1970 245 2035 relicta
265 1970 376 2035 fabula
398 1972 477 2035 satis
498 1971 529 2035 iu
554 1991 588 2035 se
610 1972 766 2037 nodorum
788 1972 914 2037 haheat.
961 1971 1147 2055 Argumeuti
1175 1971 1274 2054 igitur

133 2075 205 2119 cum
228 2053 309 2119 nihil
332 2055 437 2120 omitti
458 2056 559 2138 possit
580 2056 640 2119 nisi
666 2077 789 2120 omnem
813 2057 913 2121 totius
935 2056 1063 2122 fabulae
1086 2074 1202 2120 nexum
1225 2073 1273 2119 re·

133 2140 213 2204 solvi
235 2140 329 2212 velis,
362 2160 424 2203 non
447 2138 523 2204 licet
543 2140 650 2237 putari
673 2140 884 2205 Menandrum
907 2143 940 2206 in
962 2141 1130 2207 scribenda
1151 2139 1275 2205 Andria

132 2224 244 2289 tabula
265 2224 439 2307 quidquam
462 2224 604 2289 omisisse
626 2230 684 2288 aut
706 2225 879 2309 neglexisse
900 2246 1009 2290 eorum
1032 2247 1115 2308 quae
1136 2224 1274 2290 Grauer·

135 2316 187 2373 tus
202 2308 322 2385 attulit,
344 2328 446 2391 neque
467 2308 500 2371 in
523 2308 688 2374 Perinthia
710 2310 851 2392 aliquam
873 2331 941 2374 rem
964 2311 1185 2376 omisisseaut
1206 2330 1277 2374 mu·
1362 2343 1364 2347 ·
1463 2348 1464 2381 ;

134 2399 219 2458 tasse
241 2391 304 2457 alic
325 2392 399 2458 dolo
422 2393 559 2475 quodam
583 2394 651 2458 eius
673 2414 767 2477 quem
785 2393 891 2459 Davus
906 2395 1068 2480 excogitat
1088 2395 1157 2460 loco
1178 2394 1274 2460 inter·

135 2478 248 2560 posito.
294 2476 422 2560 Aliquid
444 2483 550 2542 tamen
567 2477 748 2542 interfuisse
763 2478 849 2544 inter
863 2486 1062 2562 argumenta,
1084 2480 1170 2563 quod
1192 2479 1276 2543 inest

135 2562 170 2625 in
194 2561 325 2644 prologo
347 2561 428 2626 ‘Non
448 2561 495 2624 ita
513 2561 659 2626 dissimili
682 2563 878 2645 argumento'
900 2565 1107 2640 demonstrat,
1127 2564 1184 2628 sed
1206 2562 1274 2628 leve

135 2644 215 2710 illud
230 2645 367 2728 quidem.
403 2645 481 2722 lam,
504 2645 581 2729 qnid
598 2646 686 2711 aliud
701 2648 820 2711 factum
836 2653 937 2731 putes,
959 2667 1055 2732 quam
1071 2656 1107 2712 nt
1128 2647 1197 2712 leve
1218 2647 1275 2713 ad·

135 2731 347 2796 ditamentum
375 2730 409 2794 in
431 2729 578 2794 facienda
599 2730 764 2795 Perinthia
793 2732 972 2816 appositum
1002 2735 1045 2797 sit
1073 2753 1136 2816 quo
1166 2739 1275 2797 tamen

136 2820 360 2895 argumentum
380 2819 414 2878 et
427 2813 584 2890 fallaciae,
609 2815 723 2897 quibus
746 2816 822 2880 solis
843 2817 1025 2882 continetur
1044 2817 1163 2896 fabula,
1185 2816 1274 2882 nullo

136 2898 229 2964 modo
251 2904 463 2963 mutarentur.
509 2900 613 2982 Atque
637 2906 722 2964 recte
745 2900 901 2964 indicasse
931 2901 1009 2966 mihi
1038 2902 1164 2966 videtur
1186 2900 1273 2979 Ihne,

136 2984 239 3068 primo
260 2983 330 3047 loco
359 2982 574 3047 aMenandro
596 2982 750 3048 Andriam
779 2984 897 3049 factam
929 3006 1014 3062 esse,
1047 2986 1162 3051 deinde
1191 3005 1273 3050 nora

137 3068 290 3132 orationis
305 3068 408 3132 torma
429 3067 573 3132 indutam
597 3070 769 3152 paucisque
790 3070 893 3134 scenis
914 3077 1042 3135 auctam
1065 3071 1195 3154 (quibus
1215 3090 1274 3156 pro

136 3173 201 3217 uno
216 3172 323 3216 amore
338 3152 418 3217 duos
437 3151 591 3230 inferret),
615 3153 768 3236 reliquum
786 3174 848 3218 non
864 3161 1022 3218 mutatum
1042 3161 1273 3236 argumentum.

138 3239 242 3384 Atqpe
264 3257 318 3301 eas
339 3256 450 3300 scenas
464 3234 630 3301 Terentius
651 3238 684 3300 in
708 3238 858 3303 Andriam
882 3259 973 3322 suam
994 3240 1160 3305 transtulit
1180 3260 1197 3304 e
1215 3241 1272 3304 Pe-

136 3322 202 3385 rint
226 3320 268 3385 ia.

223 3403 386 3469 Accedunt
406 3403 447 3468 ad
463 3404 496 3467 id
511 3403 596 3488 quod
611 3425 709 3488 snpra
724 3407 1039 3472 commemoravimus
1051 3415 1272 3491 argumentum

137 3510 259 3572 paucae
282 3508 394 3553 scenae
415 3488 457 3553 ad
478 3489 579 3572 ipsius
599 3510 717 3554 nexum
740 3491 785 3555 nil
811 3492 1020 3576 pertinentes,
1053 3494 1168 3577 quibus
1189 3493 1273 3559 Oha-

137 3574 227 3638 rinue
249 3571 430 3637 adolescens
452 3578 485 3637 et
499 3571 635 3656 Byrrhia
656 3595 766 3640 servus
785 3575 819 3641 in
843 3595 971 3640 scenam
984 3578 1153 3660 prodeunt
1191 3577 1274 3644 cha·

138 3657 227 3722 rinus
248 3678 321 3721 cum
342 3656 500 3721 audiverit
521 3678 616 3740 quarn
640 3667 729 3724 amat
750 3660 817 3724 fore
838 3667 875 3724 nt
896 3662 1006 3727 eodem
1036 3661 1087 3739 die
1109 3662 1274 3746 Pamphilo

138 3763 219 3807 uxor
247 3741 357 3817 detur,
390 3741 483 3805 valde
512 3741 720 3822 lamentatur,
755 3744 867 3810 deiude
891 3742 910 3809 a
932 3745 1098 3829 Pamphilo
1127 3749 1209 3830 petit
1237 3752 1274 3814 ut

139 3826 291 3890 auxilium
315 3825 376 3891 sihi
396 3825 481 3890 ferat
494 3825 736 3911 Chremetisque
756 3828 854 3894 filiam
876 3829 936 3894 sibi
957 3830 1124 3914 permittat
1144 3832 1204 3914 (ΙΙ,
1230 3836 1272 3912 1).

139 3911 324 3994 Insequenti
347 3924 445 3975 'scena
472 3910 520 3975 nil
547 3913 674 3977 omniuo
697 3911 775 3978 dicit
796 3914 856 3978 uisi
878 3914 961 3979 torte
983 3914 1094 3978 Audin
1116 3925 1149 3980 tc
1169 3915 1271 3994 illam,

139 4016 204 4058 rem
227 4006 320 4070 tenes,
344 4003 424 4058 recte
445 3992 534 4067 dicia,
558 3994 694 4079 denique
714 4007 873 4063 servatum
896 4019 930 4063 se
951 4019 1020 4064 esse
1043 3999 1122 4064 Davi
1144 4001 1289 4080 auxilio,-

139 4087 235 4162 atq'ue
257 4080 336 4145 adeo
351 4080 430 4145 satis
443 4079 606 4164 stupidum
620 4101 654 4146 se
669 4081 801 4165 praebet
815 4083 984 4149 hominem.
1020 4083 1157 4166 Byrrhia
1170 4086 1225 4167 (II,
1238 4091 1272 4164 5)
