<?xml version="1.0" encoding="UTF-8"?>
<!DOCTYPE html PUBLIC "-//W3C//DTD XHTML 1.0 Transitional//EN"
    "http://www.w3.org/TR/xhtml1/DTD/xhtml1-transitional.dtd">
<html xmlns="http://www.w3.org/1999/xhtml" xml:lang="en" lang="en">
 <head>
  <title>
</title>
<meta http-equiv="Content-Type" content="text/html;charset=utf-8" />
  <meta name='ocr-system' content='tesseract 3.04.00' />
  <meta name='ocr-capabilities' content='ocr_page ocr_carea ocr_par ocr_line ocrx_word'/>
</head>
<body>
  <div class='ocr_page' id='page_1' title='image "./quaestionestere01braugoog_0034.png"; bbox 0 0 2930 4658; ppageno 0'>
   <div class='ocr_carea' id='block_1_1' title="bbox 723 266 762 326">
    <p class='ocr_par' dir='ltr' id='par_1_1' title="bbox 723 266 762 326">
     <span class='ocr_line' id='line_1_1' title="bbox 723 266 762 326; baseline 0.026 -1"><span class='ocrx_word' id='word_1_1' title='bbox 723 266 762 326; x_wconf 87' lang='grc'><strong>29</strong></span> 
     </span>
    </p>
   </div>
   <div class='ocr_carea' id='block_1_2' title="bbox 177 448 1352 3162">
    <p class='ocr_par' dir='ltr' id='par_1_2' title="bbox 179 448 1313 1127">
     <span class='ocr_line' id='line_1_2' title="bbox 264 448 1310 532; baseline -0.002 -19"><span class='ocrx_word' id='word_1_2' title='bbox 264 451 432 532; x_wconf 86' lang='lat' dir='ltr'><strong>Etiamque</strong></span> <span class='ocrx_word' id='word_1_3' title='bbox 453 449 526 511; x_wconf 92' lang='lat' dir='ltr'><strong>aliis</strong></span> <span class='ocrx_word' id='word_1_4' title='bbox 548 468 629 530; x_wconf 86' lang='lat' dir='ltr'><strong>quae</strong></span> <span class='ocrx_word' id='word_1_5' title='bbox 651 449 785 511; x_wconf 89' lang='lat' dir='ltr'><strong>adnotat</strong></span> <span class='ocrx_word' id='word_1_6' title='bbox 806 448 950 512; x_wconf 76' lang='lat' dir='ltr'><strong>Donatus</strong></span> <span class='ocrx_word' id='word_1_7' title='bbox 979 448 1020 512; x_wconf 88' lang='lat' dir='ltr'><strong>ad</strong></span> <span class='ocrx_word' id='word_1_8' title='bbox 1048 449 1225 531; x_wconf 82' lang='lat' dir='ltr'>complures</span> <span class='ocrx_word' id='word_1_9' title='bbox 1253 448 1310 526; x_wconf 84' lang='lat'>111,</span> 
     </span>
     <span class='ocr_line' id='line_1_3' title="bbox 179 531 1311 615; baseline -0.001 -16"><span class='ocrx_word' id='word_1_10' title='bbox 179 542 197 599; x_wconf 79' lang='lat'>5</span> <span class='ocrx_word' id='word_1_11' title='bbox 222 536 307 598; x_wconf 81' lang='lat' dir='ltr'><strong>locos</strong></span> <span class='ocrx_word' id='word_1_12' title='bbox 329 536 524 597; x_wconf 87' lang='lat' dir='ltr'><strong>demonstrat</strong></span> <span class='ocrx_word' id='word_1_13' title='bbox 536 532 717 615; x_wconf 87' lang='lat' dir='ltr'><strong>Terentium</strong></span> <span class='ocrx_word' id='word_1_14' title='bbox 736 531 816 597; x_wconf 88' lang='lat' dir='ltr'><strong>hano</strong></span> <span class='ocrx_word' id='word_1_15' title='bbox 831 553 999 615; x_wconf 89' lang='lat' dir='ltr'><strong>personam</strong></span> <span class='ocrx_word' id='word_1_16' title='bbox 1015 533 1054 597; x_wconf 91' lang='lat' dir='ltr'><strong>de</strong></span> <span class='ocrx_word' id='word_1_17' title='bbox 1069 554 1127 598; x_wconf 88' lang='lat' dir='ltr'><strong>suo</strong></span> <span class='ocrx_word' id='word_1_18' title='bbox 1143 533 1311 598; x_wconf 76' lang='lat' dir='ltr'><strong>addidisse.</strong></span> 
     </span>
     <span class='ocr_line' id='line_1_4' title="bbox 179 619 1312 702; baseline -0.004 -17"><span class='ocrx_word' id='word_1_19' title='bbox 179 623 290 702; x_wconf 88' lang='lat' dir='ltr'><strong>Neque</strong></span> <span class='ocrx_word' id='word_1_20' title='bbox 320 621 402 683; x_wconf 88' lang='lat' dir='ltr'><strong>enim</strong></span> <span class='ocrx_word' id='word_1_21' title='bbox 432 619 562 681; x_wconf 88' lang='lat' dir='ltr'><strong>dubium</strong></span> <span class='ocrx_word' id='word_1_22' title='bbox 591 619 736 681; x_wconf 86' lang='lat' dir='ltr'><strong>existimo</strong></span> <span class='ocrx_word' id='word_1_23' title='bbox 765 619 841 700; x_wconf 91' lang='lat' dir='ltr'><strong>quin</strong></span> <span class='ocrx_word' id='word_1_24' title='bbox 864 620 904 681; x_wconf 92' lang='lat' dir='ltr'><strong>ad</strong></span> <span class='ocrx_word' id='word_1_25' title='bbox 926 619 1108 683; x_wconf 87' lang='lat' dir='ltr'><strong>Terentium</strong></span> <span class='ocrx_word' id='word_1_26' title='bbox 1130 619 1312 701; x_wconf 87' lang='lat' dir='ltr'><strong>pertineant</strong></span> 
     </span>
     <span class='ocr_line' id='line_1_5' title="bbox 180 703 1312 786; baseline -0.002 -19"><span class='ocrx_word' id='word_1_27' title='bbox 180 725 263 786; x_wconf 74' lang='lat' dir='ltr'><strong>quiae</strong></span> <span class='ocrx_word' id='word_1_28' title='bbox 286 704 427 768; x_wconf 77' lang='lat' dir='ltr'><strong>Donatus</strong></span> <span class='ocrx_word' id='word_1_29' title='bbox 452 703 510 772; x_wconf 79' lang='grc' dir='ltr'><strong>ΙΙΙ.</strong></span> <span class='ocrx_word' id='word_1_30' title='bbox 533 708 562 778; x_wconf 76' lang='grc'><strong>5,</strong></span> <span class='ocrx_word' id='word_1_31' title='bbox 586 707 625 765; x_wconf 81' lang='lat' dir='ltr'><strong>ou</strong></span> <span class='ocrx_word' id='word_1_32' title='bbox 648 704 797 766; x_wconf 84' lang='lat' dir='ltr'><strong>adnotat:</strong></span> <span class='ocrx_word' id='word_1_33' title='bbox 824 704 908 767; x_wconf 82' lang='lat' dir='ltr'><strong>Bene</strong></span> <span class='ocrx_word' id='word_1_34' title='bbox 928 724 1045 767; x_wconf 84' lang='lat' dir='ltr'><strong>memor</strong></span> <span class='ocrx_word' id='word_1_35' title='bbox 1067 713 1111 766; x_wconf 81' lang='lat' dir='ltr'><strong>est</strong></span> <span class='ocrx_word' id='word_1_36' title='bbox 1130 703 1312 785; x_wconf 69' lang='lat' dir='ltr'><strong>poeta‘per-</strong></span> 
     </span>
     <span class='ocr_line' id='line_1_6' title="bbox 180 787 1311 872; baseline 0.001 -21"><span class='ocrx_word' id='word_1_37' title='bbox 180 812 273 852; x_wconf 67' lang='lat' dir='ltr'><strong>serane</strong></span> <span class='ocrx_word' id='word_1_38' title='bbox 293 808 386 872; x_wconf 85' lang='lat' dir='ltr'><strong>quam</strong></span> <span class='ocrx_word' id='word_1_39' title='bbox 408 787 532 851; x_wconf 74' lang='lat' dir='ltr'><strong>induxit</strong></span> <span class='ocrx_word' id='word_1_40' title='bbox 549 808 609 869; x_wconf 80' lang='lat' dir='ltr'><strong>per</strong></span> <span class='ocrx_word' id='word_1_41' title='bbox 629 787 710 850; x_wconf 76' lang='lat' dir='ltr'><strong>dano</strong></span> <span class='ocrx_word' id='word_1_42' title='bbox 731 787 1001 868; x_wconf 74' lang='lat' dir='ltr'><strong>interropationem</strong></span> <span class='ocrx_word' id='word_1_43' title='bbox 1014 792 1049 864; x_wconf 88' lang='lat'><strong>¹).</strong></span> <span class='ocrx_word' id='word_1_44' title='bbox 1073 787 1200 854; x_wconf 84' lang='lat' dir='ltr'><strong>Laudat</strong></span> <span class='ocrx_word' id='word_1_45' title='bbox 1213 789 1311 870; x_wconf 83' lang='lat' dir='ltr'><strong>igitur</strong></span> 
     </span>
     <span class='ocr_line' id='line_1_7' title="bbox 180 874 1313 956; baseline -0.001 -18"><span class='ocrx_word' id='word_1_46' title='bbox 180 875 206 938; x_wconf 94' lang='lat' dir='ltr'><strong>T</strong></span> <span class='ocrx_word' id='word_1_47' title='bbox 226 877 374 950; x_wconf 75' lang='lat' dir='ltr'><strong>rentium,</strong></span> <span class='ocrx_word' id='word_1_48' title='bbox 405 875 488 955; x_wconf 87' lang='lat' dir='ltr'><strong>quod</strong></span> <span class='ocrx_word' id='word_1_49' title='bbox 512 893 574 936; x_wconf 91' lang='lat' dir='ltr'><strong>uon</strong></span> <span class='ocrx_word' id='word_1_50' title='bbox 597 874 715 935; x_wconf 88' lang='lat' dir='ltr'><strong>oblitus</strong></span> <span class='ocrx_word' id='word_1_51' title='bbox 743 877 784 935; x_wconf 84' lang='lat' dir='ltr'><strong>sit</strong></span> <span class='ocrx_word' id='word_1_52' title='bbox 809 874 892 948; x_wconf 77' lang='lat' dir='ltr'><strong>eius,</strong></span> <span class='ocrx_word' id='word_1_53' title='bbox 921 895 984 956; x_wconf 85' lang='lat' dir='ltr'><strong>qua</strong></span> <span class='ocrx_word' id='word_1_54' title='bbox 1006 882 1196 938; x_wconf 83' lang='lat' dir='ltr'><strong>commotum</strong></span> <span class='ocrx_word' id='word_1_55' title='bbox 1219 874 1313 939; x_wconf 87' lang='lat' dir='ltr'><strong>adve-</strong></span> 
     </span>
     <span class='ocr_line' id='line_1_8' title="bbox 181 896 1311 1042; baseline 0 -20"><span class='ocrx_word' id='word_1_56' title='bbox 181 896 316 1022; x_wconf 55' lang='lat' dir='ltr'><strong>nfentem</strong></span> <span class='ocrx_word' id='word_1_57' title='bbox 340 959 416 1022; x_wconf 83' lang='lat' dir='ltr'><strong>feeit</strong></span> <span class='ocrx_word' id='word_1_58' title='bbox 438 957 666 1039; x_wconf 75' lang='lat' dir='ltr'><strong>Antiphonem,</strong></span> <span class='ocrx_word' id='word_1_59' title='bbox 700 977 814 1021; x_wconf 85' lang='lat' dir='ltr'><strong>causae</strong></span> <span class='ocrx_word' id='word_1_60' title='bbox 837 961 980 1040; x_wconf 80' lang='lat' dir='ltr'><strong>quamuis</strong></span> <span class='ocrx_word' id='word_1_61' title='bbox 1002 958 1146 1042; x_wconf 85' lang='lat' dir='ltr'><strong>plurimis</strong></span> <span class='ocrx_word' id='word_1_62' title='bbox 1168 958 1240 1021; x_wconf 88' lang='lat' dir='ltr'><strong>allis</strong></span> <span class='ocrx_word' id='word_1_63' title='bbox 1261 959 1311 1022; x_wconf 92' lang='lat' dir='ltr'><strong>iu·</strong></span> 
     </span>
     <span class='ocr_line' id='line_1_9' title="bbox 180 1043 466 1127; baseline -0.01 -19"><span class='ocrx_word' id='word_1_64' title='bbox 180 1044 340 1127; x_wconf 86' lang='lat' dir='ltr'><strong>terpositis</strong></span> <span class='ocrx_word' id='word_1_65' title='bbox 361 1043 466 1107; x_wconf 85' lang='lat' dir='ltr'><strong>rebus.</strong></span> 
     </span>
    </p>

    <p class='ocr_par' dir='ltr' id='par_1_3' title="bbox 178 1126 1313 1805">
     <span class='ocr_line' id='line_1_10' title="bbox 265 1126 1311 1210; baseline 0.002 -20"><span class='ocrx_word' id='word_1_66' title='bbox 265 1129 406 1209; x_wconf 87' lang='lat' dir='ltr'><strong>Denique</strong></span> <span class='ocrx_word' id='word_1_67' title='bbox 438 1129 469 1191; x_wconf 93' lang='lat' dir='ltr'><strong>iu</strong></span> <span class='ocrx_word' id='word_1_68' title='bbox 500 1129 568 1210; x_wconf 90' lang='lat' dir='ltr'><strong>ipsa</strong></span> <span class='ocrx_word' id='word_1_69' title='bbox 596 1149 631 1191; x_wconf 89' lang='lat' dir='ltr'><strong>re</strong></span> <span class='ocrx_word' id='word_1_70' title='bbox 659 1128 839 1209; x_wconf 84' lang='lat' dir='ltr'><strong>argumenti</strong></span> <span class='ocrx_word' id='word_1_71' title='bbox 865 1126 984 1209; x_wconf 90' lang='lat' dir='ltr'><strong>aliquid</strong></span> <span class='ocrx_word' id='word_1_72' title='bbox 1007 1127 1108 1190; x_wconf 87' lang='lat' dir='ltr'><strong>inesse</strong></span> <span class='ocrx_word' id='word_1_73' title='bbox 1132 1129 1311 1210; x_wconf 76' lang='lat' dir='ltr'><strong>putaverim</strong></span> 
     </span>
     <span class='ocr_line' id='line_1_11' title="bbox 178 1212 1312 1295; baseline 0 -19"><span class='ocrx_word' id='word_1_74' title='bbox 178 1235 235 1276; x_wconf 85' lang='lat' dir='ltr'><strong>our</strong></span> <span class='ocrx_word' id='word_1_75' title='bbox 250 1212 430 1277; x_wconf 86' lang='lat' dir='ltr'><strong>Terentium</strong></span> <span class='ocrx_word' id='word_1_76' title='bbox 452 1213 608 1276; x_wconf 88' lang='lat' dir='ltr'><strong>invenisse</strong></span> <span class='ocrx_word' id='word_1_77' title='bbox 625 1213 812 1295; x_wconf 77' lang='lat' dir='ltr'><strong>autiphonis</strong></span> <span class='ocrx_word' id='word_1_78' title='bbox 834 1223 941 1295; x_wconf 89' lang='lat' dir='ltr'><strong>partes</strong></span> <span class='ocrx_word' id='word_1_79' title='bbox 962 1231 1100 1275; x_wconf 73' lang='lat' dir='ltr'><strong>censeas.</strong></span> <span class='ocrx_word' id='word_1_80' title='bbox 1144 1212 1312 1276; x_wconf 78' lang='lat' dir='ltr'><strong>Menandri</strong></span> 
     </span>
     <span class='ocr_line' id='line_1_12' title="bbox 179 1297 1313 1380; baseline 0 -19"><span class='ocrx_word' id='word_1_81' title='bbox 179 1318 298 1380; x_wconf 86' lang='lat' dir='ltr'><strong>paucas</strong></span> <span class='ocrx_word' id='word_1_82' title='bbox 326 1307 449 1362; x_wconf 88' lang='lat' dir='ltr'><strong>tantum</strong></span> <span class='ocrx_word' id='word_1_83' title='bbox 479 1318 590 1378; x_wconf 82' lang='lat' dir='ltr'><strong>graves</strong></span> <span class='ocrx_word' id='word_1_84' title='bbox 622 1318 771 1378; x_wconf 81' lang='lat' dir='ltr'><strong>personas</strong></span> <span class='ocrx_word' id='word_1_85' title='bbox 798 1297 1001 1380; x_wconf 83' lang='lat' dir='ltr'><strong>producentis</strong></span> <span class='ocrx_word' id='word_1_86' title='bbox 1032 1317 1099 1360; x_wconf 91' lang='lat' dir='ltr'><strong>esse</strong></span> <span class='ocrx_word' id='word_1_87' title='bbox 1130 1318 1208 1380; x_wconf 83' lang='lat' dir='ltr'><strong>nego</strong></span> <span class='ocrx_word' id='word_1_88' title='bbox 1230 1299 1313 1361; x_wconf 86' lang='lat' dir='ltr'><strong>eius-</strong></span> 
     </span>
     <span class='ocr_line' id='line_1_13' title="bbox 179 1381 1311 1466; baseline 0 -21"><span class='ocrx_word' id='word_1_89' title='bbox 179 1383 265 1446; x_wconf 89' lang='lat' dir='ltr'><strong>modi</strong></span> <span class='ocrx_word' id='word_1_90' title='bbox 287 1383 413 1447; x_wconf 92' lang='lat' dir='ltr'><strong>homine</strong></span> <span class='ocrx_word' id='word_1_91' title='bbox 437 1385 483 1446; x_wconf 94' lang='lat' dir='ltr'><strong>uti</strong></span> <span class='ocrx_word' id='word_1_92' title='bbox 507 1384 560 1464; x_wconf 87' lang='lat' dir='ltr'><strong>qui</strong></span> <span class='ocrx_word' id='word_1_93' title='bbox 583 1382 667 1466; x_wconf 86' lang='lat' dir='ltr'><strong>adsit</strong></span> <span class='ocrx_word' id='word_1_94' title='bbox 688 1390 812 1445; x_wconf 90' lang='lat' dir='ltr'><strong>tantum</strong></span> <span class='ocrx_word' id='word_1_95' title='bbox 837 1387 873 1445; x_wconf 92' lang='lat' dir='ltr'><strong>ut</strong></span> <span class='ocrx_word' id='word_1_96' title='bbox 893 1381 1014 1445; x_wconf 89' lang='lat' dir='ltr'><strong>audiat.</strong></span> <span class='ocrx_word' id='word_1_97' title='bbox 1056 1382 1165 1463; x_wconf 87' lang='lat' dir='ltr'><strong>Neque</strong></span> <span class='ocrx_word' id='word_1_98' title='bbox 1179 1402 1258 1464; x_wconf 88' lang='lat' dir='ltr'><strong>opus</strong></span> <span class='ocrx_word' id='word_1_99' title='bbox 1273 1402 1311 1446; x_wconf 88' lang='lat' dir='ltr'><strong>eo</strong></span> 
     </span>
     <span class='ocr_line' id='line_1_14' title="bbox 180 1466 1310 1548; baseline 0 -18"><span class='ocrx_word' id='word_1_100' title='bbox 180 1474 263 1544; x_wconf 86' lang='lat' dir='ltr'><strong>erat,</strong></span> <span class='ocrx_word' id='word_1_101' title='bbox 296 1471 349 1530; x_wconf 89' lang='lat' dir='ltr'><strong>sed</strong></span> <span class='ocrx_word' id='word_1_102' title='bbox 373 1467 481 1531; x_wconf 91' lang='lat' dir='ltr'><strong>eodem</strong></span> <span class='ocrx_word' id='word_1_103' title='bbox 505 1468 598 1531; x_wconf 91' lang='lat' dir='ltr'><strong>modo</strong></span> <span class='ocrx_word' id='word_1_104' title='bbox 621 1488 683 1548; x_wconf 90' lang='lat' dir='ltr'><strong>quo</strong></span> <span class='ocrx_word' id='word_1_105' title='bbox 706 1475 801 1530; x_wconf 89' lang='lat' dir='ltr'><strong>antea</strong></span> <span class='ocrx_word' id='word_1_106' title='bbox 823 1466 958 1530; x_wconf 88' lang='lat' dir='ltr'><strong>euuuehi</strong></span> <span class='ocrx_word' id='word_1_107' title='bbox 983 1473 1097 1530; x_wconf 88' lang='lat' dir='ltr'><strong>vestem</strong></span> <span class='ocrx_word' id='word_1_108' title='bbox 1121 1467 1226 1530; x_wconf 91' lang='lat' dir='ltr'><strong>induit</strong></span> <span class='ocrx_word' id='word_1_109' title='bbox 1247 1470 1310 1530; x_wconf 87' lang='lat' dir='ltr'><strong>iam</strong></span> 
     </span>
     <span class='ocr_line' id='line_1_15' title="bbox 178 1551 1311 1636; baseline -0.002 -20"><span class='ocrx_word' id='word_1_110' title='bbox 178 1558 360 1636; x_wconf 84' lang='lat' dir='ltr'><strong>perpetrato</strong></span> <span class='ocrx_word' id='word_1_111' title='bbox 383 1554 522 1616; x_wconf 79' lang='lat' dir='ltr'><strong>facinore</strong></span> <span class='ocrx_word' id='word_1_112' title='bbox 545 1551 718 1616; x_wconf 79' lang='lat' dir='ltr'><strong>Chaeream</strong></span> <span class='ocrx_word' id='word_1_113' title='bbox 742 1572 857 1615; x_wconf 87' lang='lat' dir='ltr'><strong>exuere</strong></span> <span class='ocrx_word' id='word_1_114' title='bbox 879 1553 969 1615; x_wconf 85' lang='lat' dir='ltr'><strong>licuit</strong></span> <span class='ocrx_word' id='word_1_115' title='bbox 991 1552 1051 1627; x_wconf 75' lang='lat' dir='ltr'><strong>ita,</strong></span> <span class='ocrx_word' id='word_1_116' title='bbox 1085 1558 1121 1616; x_wconf 89' lang='lat' dir='ltr'><strong>ut</strong></span> <span class='ocrx_word' id='word_1_117' title='bbox 1147 1561 1219 1634; x_wconf 89' lang='lat' dir='ltr'><strong>post</strong></span> <span class='ocrx_word' id='word_1_118' title='bbox 1246 1572 1311 1616; x_wconf 84' lang='lat' dir='ltr'><strong>see-</strong></span> 
     </span>
     <span class='ocr_line' id='line_1_16' title="bbox 178 1637 1312 1720; baseline -0.001 -19"><span class='ocrx_word' id='word_1_119' title='bbox 178 1658 250 1701; x_wconf 90' lang='lat' dir='ltr'><strong>nam</strong></span> <span class='ocrx_word' id='word_1_120' title='bbox 274 1637 374 1702; x_wconf 89' lang='lat' dir='ltr'><strong>fieret.</strong></span> <span class='ocrx_word' id='word_1_121' title='bbox 419 1637 478 1700; x_wconf 92' lang='lat' dir='ltr'><strong>lllo</strong></span> <span class='ocrx_word' id='word_1_122' title='bbox 499 1637 566 1699; x_wconf 81' lang='lat' dir='ltr'><strong>loeo</strong></span> <span class='ocrx_word' id='word_1_123' title='bbox 589 1659 651 1700; x_wconf 91' lang='lat' dir='ltr'><strong>uon</strong></span> <span class='ocrx_word' id='word_1_124' title='bbox 674 1644 814 1701; x_wconf 90' lang='lat' dir='ltr'><strong>mutatus</strong></span> <span class='ocrx_word' id='word_1_125' title='bbox 839 1637 1030 1712; x_wconf 86' lang='lat' dir='ltr'><strong>Menander,</strong></span> <span class='ocrx_word' id='word_1_126' title='bbox 1054 1637 1129 1710; x_wconf 78' lang='lat' dir='ltr'><strong>hoo,</strong></span> <span class='ocrx_word' id='word_1_127' title='bbox 1151 1646 1188 1700; x_wconf 92' lang='lat' dir='ltr'><strong>ut</strong></span> <span class='ocrx_word' id='word_1_128' title='bbox 1208 1638 1312 1720; x_wconf 84' lang='lat' dir='ltr'><strong>copio-</strong></span> 
     </span>
     <span class='ocr_line' id='line_1_17' title="bbox 178 1721 1226 1805; baseline -0.001 -19"><span class='ocrx_word' id='word_1_129' title='bbox 178 1723 243 1786; x_wconf 88' lang='lat' dir='ltr'><strong>sior</strong></span> <span class='ocrx_word' id='word_1_130' title='bbox 265 1722 356 1785; x_wconf 89' lang='lat' dir='ltr'><strong>fieret</strong></span> <span class='ocrx_word' id='word_1_131' title='bbox 378 1742 486 1796; x_wconf 82' lang='lat' dir='ltr'><strong>scena,</strong></span> <span class='ocrx_word' id='word_1_132' title='bbox 510 1742 646 1805; x_wconf 88' lang='lat' dir='ltr'><strong>persona</strong></span> <span class='ocrx_word' id='word_1_133' title='bbox 669 1724 824 1804; x_wconf 90' lang='lat' dir='ltr'><strong>quaedam</strong></span> <span class='ocrx_word' id='word_1_134' title='bbox 848 1721 1005 1785; x_wconf 88' lang='lat' dir='ltr'><strong>levissima</strong></span> <span class='ocrx_word' id='word_1_135' title='bbox 1028 1721 1138 1784; x_wconf 91' lang='lat' dir='ltr'><strong>addita</strong></span> <span class='ocrx_word' id='word_1_136' title='bbox 1159 1728 1226 1785; x_wconf 59' lang='lat' dir='ltr'><strong>est(</strong></span> 
     </span>
    </p>

    <p class='ocr_par' dir='ltr' id='par_1_4' title="bbox 177 1806 1352 3162">
     <span class='ocr_line' id='line_1_18' title="bbox 264 1806 1309 1890; baseline 0 -20"><span class='ocrx_word' id='word_1_137' title='bbox 264 1807 331 1870; x_wconf 87' lang='lat' dir='ltr'><strong>lam</strong></span> <span class='ocrx_word' id='word_1_138' title='bbox 362 1828 402 1869; x_wconf 92' lang='lat' dir='ltr'><strong>ne</strong></span> <span class='ocrx_word' id='word_1_139' title='bbox 429 1808 506 1871; x_wconf 90' lang='lat' dir='ltr'><strong>satis</strong></span> <span class='ocrx_word' id='word_1_140' title='bbox 536 1814 609 1890; x_wconf 86' lang='lat' dir='ltr'><strong>apte</strong></span> <span class='ocrx_word' id='word_1_141' title='bbox 638 1808 764 1889; x_wconf 87' lang='lat' dir='ltr'><strong>quidem</strong></span> <span class='ocrx_word' id='word_1_142' title='bbox 795 1806 957 1871; x_wconf 81' lang='lat' dir='ltr'><strong>inductam</strong></span> <span class='ocrx_word' id='word_1_143' title='bbox 988 1807 1068 1869; x_wconf 86' lang='lat' dir='ltr'><strong>hano</strong></span> <span class='ocrx_word' id='word_1_144' title='bbox 1095 1826 1263 1889; x_wconf 89' lang='lat' dir='ltr'><strong>personam</strong></span> <span class='ocrx_word' id='word_1_145' title='bbox 1289 1827 1309 1870; x_wconf 86' lang='lat' dir='ltr'><strong>a</strong></span> 
     </span>
     <span class='ocr_line' id='line_1_19' title="bbox 180 1889 1312 1974; baseline 0.001 -20"><span class='ocrx_word' id='word_1_146' title='bbox 180 1892 326 1955; x_wconf 87' lang='lat' dir='ltr'><strong>Terentio</strong></span> <span class='ocrx_word' id='word_1_147' title='bbox 349 1900 436 1974; x_wconf 87' lang='lat' dir='ltr'><strong>puto.</strong></span> <span class='ocrx_word' id='word_1_148' title='bbox 482 1892 561 1954; x_wconf 86' lang='lat' dir='ltr'><strong>Nam</strong></span> <span class='ocrx_word' id='word_1_149' title='bbox 584 1894 668 1974; x_wconf 91' lang='lat' dir='ltr'><strong>quod</strong></span> <span class='ocrx_word' id='word_1_150' title='bbox 698 1892 738 1954; x_wconf 91' lang='lat' dir='ltr'><strong>ad</strong></span> <span class='ocrx_word' id='word_1_151' title='bbox 767 1889 861 1955; x_wconf 88' lang='lat' dir='ltr'><strong>finem</strong></span> <span class='ocrx_word' id='word_1_152' title='bbox 892 1911 1005 1954; x_wconf 81' lang='lat' dir='ltr'><strong>saeuae</strong></span> <span class='ocrx_word' id='word_1_153' title='bbox 1032 1892 1115 1954; x_wconf 85' lang='lat' dir='ltr'><strong>inter</strong></span> <span class='ocrx_word' id='word_1_154' title='bbox 1134 1889 1205 1954; x_wconf 83' lang='lat' dir='ltr'><strong>&#39;hos</strong></span> <span class='ocrx_word' id='word_1_155' title='bbox 1232 1891 1312 1955; x_wconf 90' lang='lat' dir='ltr'><strong>duos</strong></span> 
     </span>
     <span class='ocr_line' id='line_1_20' title="bbox 179 1973 1311 2060; baseline 0.001 -21"><span class='ocrx_word' id='word_1_156' title='bbox 179 1981 339 2053; x_wconf 74' lang='lat' dir='ltr'><strong>convenit,</strong></span> <span class='ocrx_word' id='word_1_157' title='bbox 374 1976 548 2040; x_wconf 84' lang='lat' dir='ltr'><strong>Chaeream</strong></span> <span class='ocrx_word' id='word_1_158' title='bbox 570 1977 603 2040; x_wconf 94' lang='lat' dir='ltr'><strong>in</strong></span> <span class='ocrx_word' id='word_1_159' title='bbox 627 1977 815 2060; x_wconf 88' lang='lat' dir='ltr'><strong>Antiphonis</strong></span> <span class='ocrx_word' id='word_1_160' title='bbox 836 1977 929 2039; x_wconf 92' lang='lat' dir='ltr'><strong>domo</strong></span> <span class='ocrx_word' id='word_1_161' title='bbox 953 1982 1053 2038; x_wconf 89' lang='lat' dir='ltr'><strong>vestes</strong></span> <span class='ocrx_word' id='word_1_162' title='bbox 1074 1983 1217 2051; x_wconf 87' lang='lat' dir='ltr'><strong>mutare,</strong></span> <span class='ocrx_word' id='word_1_163' title='bbox 1252 1973 1311 2040; x_wconf 89' lang='lat' dir='ltr'><strong>hoo</strong></span> 
     </span>
     <span class='ocr_line' id='line_1_21' title="bbox 178 2056 1352 2145; baseline 0.002 -22"><span class='ocrx_word' id='word_1_164' title='bbox 178 2066 281 2125; x_wconf 88' lang='lat' dir='ltr'><strong>minus</strong></span> <span class='ocrx_word' id='word_1_165' title='bbox 303 2063 383 2126; x_wconf 90' lang='lat' dir='ltr'><strong>bene</strong></span> <span class='ocrx_word' id='word_1_166' title='bbox 406 2063 618 2144; x_wconf 81' lang='lat' dir='ltr'><strong>excogitatum</strong></span> <span class='ocrx_word' id='word_1_167' title='bbox 642 2069 698 2125; x_wconf 87' lang='lat' dir='ltr'><strong>est.</strong></span> <span class='ocrx_word' id='word_1_168' title='bbox 742 2060 906 2125; x_wconf 84' lang='lat' dir='ltr'><strong>Facillime</strong></span> <span class='ocrx_word' id='word_1_169' title='bbox 928 2062 1012 2124; x_wconf 91' lang='lat' dir='ltr'><strong>enim</strong></span> <span class='ocrx_word' id='word_1_170' title='bbox 1031 2060 1192 2124; x_wconf 79' lang='lat' dir='ltr'><strong>Chaereae</strong></span> <span class='ocrx_word' id='word_1_171' title='bbox 1212 2060 1312 2145; x_wconf 87' lang='lat' dir='ltr'><strong>ipsius</strong></span> <span class='ocrx_word' id='word_1_172' title='bbox 1350 2056 1352 2075; x_wconf 78' lang='grc'><strong>“</strong></span> 
     </span>
     <span class='ocr_line' id='line_1_22' title="bbox 179 2144 1310 2228; baseline 0 -19"><span class='ocrx_word' id='word_1_173' title='bbox 179 2148 264 2210; x_wconf 92' lang='lat' dir='ltr'><strong>domi</strong></span> <span class='ocrx_word' id='word_1_174' title='bbox 295 2147 353 2210; x_wconf 86' lang='lat' dir='ltr'><strong>hoe</strong></span> <span class='ocrx_word' id='word_1_175' title='bbox 380 2146 484 2211; x_wconf 85' lang='lat' dir='ltr'><strong>faeere</strong></span> <span class='ocrx_word' id='word_1_176' title='bbox 515 2147 613 2209; x_wconf 85' lang='lat' dir='ltr'><strong>licuit.</strong></span> <span class='ocrx_word' id='word_1_177' title='bbox 664 2147 747 2224; x_wconf 79' lang='lat' dir='ltr'><strong>Quin</strong></span> <span class='ocrx_word' id='word_1_178' title='bbox 774 2145 904 2209; x_wconf 84' lang='lat' dir='ltr'><strong>fratrem</strong></span> <span class='ocrx_word' id='word_1_179' title='bbox 929 2164 982 2208; x_wconf 88' lang='lat' dir='ltr'><strong>rus</strong></span> <span class='ocrx_word' id='word_1_180' title='bbox 1003 2144 1178 2228; x_wconf 83' lang='lat' dir='ltr'><strong>profestum</strong></span> <span class='ocrx_word' id='word_1_181' title='bbox 1200 2153 1310 2209; x_wconf 89' lang='lat' dir='ltr'><strong>notum</strong></span> 
     </span>
     <span class='ocr_line' id='line_1_23' title="bbox 180 2231 1310 2315; baseline 0.003 -23"><span class='ocrx_word' id='word_1_182' title='bbox 180 2233 209 2292; x_wconf 90' lang='lat' dir='ltr'><strong>ei</strong></span> <span class='ocrx_word' id='word_1_183' title='bbox 231 2240 321 2307; x_wconf 78' lang='lat' dir='ltr'><strong>esset,</strong></span> <span class='ocrx_word' id='word_1_184' title='bbox 340 2232 411 2295; x_wconf 84' lang='lat' dir='ltr'><strong>-fieri</strong></span> <span class='ocrx_word' id='word_1_185' title='bbox 433 2253 495 2296; x_wconf 89' lang='lat' dir='ltr'><strong>nou</strong></span> <span class='ocrx_word' id='word_1_186' title='bbox 519 2233 630 2315; x_wconf 81' lang='lat' dir='ltr'><strong>potuit,</strong></span> <span class='ocrx_word' id='word_1_187' title='bbox 654 2231 804 2315; x_wconf 90' lang='lat' dir='ltr'><strong>quoniam</strong></span> <span class='ocrx_word' id='word_1_188' title='bbox 827 2239 922 2294; x_wconf 87' lang='lat' dir='ltr'><strong>antea</strong></span> <span class='ocrx_word' id='word_1_189' title='bbox 944 2231 1079 2294; x_wconf 78' lang='lat' dir='ltr'><strong>eunuchi</strong></span> <span class='ocrx_word' id='word_1_190' title='bbox 1103 2239 1203 2295; x_wconf 85' lang='lat' dir='ltr'><strong>restes</strong></span> <span class='ocrx_word' id='word_1_191' title='bbox 1224 2231 1310 2295; x_wconf 91' lang='lat' dir='ltr'><strong>domi</strong></span> 
     </span>
     <span class='ocr_line' id='line_1_24' title="bbox 180 2315 1306 2398; baseline 0.004 -23"><span class='ocrx_word' id='word_1_192' title='bbox 180 2335 255 2376; x_wconf 89' lang='lat' dir='ltr'><strong>suae</strong></span> <span class='ocrx_word' id='word_1_193' title='bbox 276 2316 395 2394; x_wconf 84' lang='lat' dir='ltr'><strong>induit;</strong></span> <span class='ocrx_word' id='word_1_194' title='bbox 431 2323 498 2381; x_wconf 83' lang='lat' dir='ltr'><strong>tum</strong></span> <span class='ocrx_word' id='word_1_195' title='bbox 522 2338 585 2380; x_wconf 90' lang='lat' dir='ltr'><strong>non</strong></span> <span class='ocrx_word' id='word_1_196' title='bbox 608 2321 734 2385; x_wconf 81' lang='lat' dir='ltr'><strong>metuit.</strong></span> <span class='ocrx_word' id='word_1_197' title='bbox 767 2337 806 2378; x_wconf 90' lang='lat' dir='ltr'><strong>ne</strong></span> <span class='ocrx_word' id='word_1_198' title='bbox 834 2315 933 2379; x_wconf 84' lang='lat' dir='ltr'><strong>frater</strong></span> <span class='ocrx_word' id='word_1_199' title='bbox 960 2317 1189 2398; x_wconf 86' lang='lat' dir='ltr'><strong>superveniret,</strong></span> <span class='ocrx_word' id='word_1_200' title='bbox 1220 2337 1306 2380; x_wconf 85' lang='lat' dir='ltr'><strong>nune</strong></span> 
     </span>
     <span class='ocr_line' id='line_1_25' title="bbox 181 2400 1310 2485; baseline 0.004 -25"><span class='ocrx_word' id='word_1_201' title='bbox 181 2408 320 2463; x_wconf 87' lang='lat' dir='ltr'><strong>metuere</strong></span> <span class='ocrx_word' id='word_1_202' title='bbox 343 2422 413 2464; x_wconf 90' lang='lat' dir='ltr'><strong>eum</strong></span> <span class='ocrx_word' id='word_1_203' title='bbox 435 2404 546 2485; x_wconf 74' lang='lat' dir='ltr'><strong>putes?</strong></span> <span class='ocrx_word' id='word_1_204' title='bbox 589 2403 676 2465; x_wconf 87' lang='lat' dir='ltr'><strong>Idem</strong></span> <span class='ocrx_word' id='word_1_205' title='bbox 705 2402 789 2464; x_wconf 90' lang='lat' dir='ltr'><strong>valet</strong></span> <span class='ocrx_word' id='word_1_206' title='bbox 817 2402 856 2464; x_wconf 89' lang='lat' dir='ltr'><strong>de</strong></span> <span class='ocrx_word' id='word_1_207' title='bbox 885 2406 989 2484; x_wconf 75' lang='lat' dir='ltr'><strong>patre:</strong></span> <span class='ocrx_word' id='word_1_208' title='bbox 1021 2420 1106 2463; x_wconf 89' lang='lat' dir='ltr'><strong>nuno</strong></span> <span class='ocrx_word' id='word_1_209' title='bbox 1135 2400 1246 2464; x_wconf 90' lang='lat' dir='ltr'><strong>timere</strong></span> <span class='ocrx_word' id='word_1_210' title='bbox 1276 2420 1310 2464; x_wconf 88' lang='lat' dir='ltr'><strong>se</strong></span> 
     </span>
     <span class='ocr_line' id='line_1_26' title="bbox 179 2483 1310 2568; baseline 0.003 -21"><span class='ocrx_word' id='word_1_211' title='bbox 179 2483 346 2567; x_wconf 88' lang='lat' dir='ltr'><strong>profitetur</strong></span> <span class='ocrx_word' id='word_1_212' title='bbox 369 2507 407 2548; x_wconf 91' lang='lat' dir='ltr'><strong>ne</strong></span> <span class='ocrx_word' id='word_1_213' title='bbox 429 2490 456 2550; x_wconf 86' lang='lat' dir='ltr'><strong>is</strong></span> <span class='ocrx_word' id='word_1_214' title='bbox 478 2487 661 2561; x_wconf 82' lang='lat' dir='ltr'><strong>reverterit,</strong></span> <span class='ocrx_word' id='word_1_215' title='bbox 689 2495 785 2548; x_wconf 89' lang='lat' dir='ltr'><strong>antea</strong></span> <span class='ocrx_word' id='word_1_216' title='bbox 808 2485 852 2549; x_wconf 93' lang='lat' dir='ltr'><strong>nil</strong></span> <span class='ocrx_word' id='word_1_217' title='bbox 876 2487 915 2549; x_wconf 90' lang='lat' dir='ltr'><strong>de</strong></span> <span class='ocrx_word' id='word_1_218' title='bbox 937 2504 975 2548; x_wconf 90' lang='lat' dir='ltr'><strong>ea</strong></span> <span class='ocrx_word' id='word_1_219' title='bbox 997 2505 1041 2548; x_wconf 87' lang='lat' dir='ltr'><strong>re.</strong></span> <span class='ocrx_word' id='word_1_220' title='bbox 1087 2489 1188 2568; x_wconf 76' lang='lat' dir='ltr'><strong>Atque</strong></span> <span class='ocrx_word' id='word_1_221' title='bbox 1210 2484 1310 2550; x_wconf 85' lang='lat' dir='ltr'><strong>multo</strong></span> 
     </span>
     <span class='ocr_line' id='line_1_27' title="bbox 177 2570 1307 2654; baseline 0.002 -23"><span class='ocrx_word' id='word_1_222' title='bbox 177 2571 279 2652; x_wconf 83' lang='lat' dir='ltr'><strong>magis</strong></span> <span class='ocrx_word' id='word_1_223' title='bbox 304 2572 479 2635; x_wconf 87' lang='lat' dir='ltr'><strong>timendum</strong></span> <span class='ocrx_word' id='word_1_224' title='bbox 507 2579 588 2646; x_wconf 79' lang='lat' dir='ltr'><strong>erat,</strong></span> <span class='ocrx_word' id='word_1_225' title='bbox 622 2591 661 2634; x_wconf 92' lang='lat' dir='ltr'><strong>ue</strong></span> <span class='ocrx_word' id='word_1_226' title='bbox 685 2570 875 2653; x_wconf 89' lang='lat' dir='ltr'><strong>Antiphonis</strong></span> <span class='ocrx_word' id='word_1_227' title='bbox 902 2578 1050 2654; x_wconf 88' lang='lat' dir='ltr'><strong>parentes</strong></span> <span class='ocrx_word' id='word_1_228' title='bbox 1078 2570 1163 2633; x_wconf 93' lang='lat' dir='ltr'><strong>domi</strong></span> <span class='ocrx_word' id='word_1_229' title='bbox 1193 2576 1307 2649; x_wconf 87' lang='lat' dir='ltr'><strong>essent,</strong></span> 
     </span>
     <span class='ocr_line' id='line_1_28' title="bbox 177 2654 1309 2739; baseline 0.001 -22"><span class='ocrx_word' id='word_1_230' title='bbox 177 2654 216 2718; x_wconf 91' lang='lat' dir='ltr'><strong>de</strong></span> <span class='ocrx_word' id='word_1_231' title='bbox 238 2655 352 2738; x_wconf 92' lang='lat' dir='ltr'><strong>quibus</strong></span> <span class='ocrx_word' id='word_1_232' title='bbox 374 2655 451 2719; x_wconf 89' lang='lat' dir='ltr'><strong>nihil</strong></span> <span class='ocrx_word' id='word_1_233' title='bbox 474 2656 656 2733; x_wconf 81' lang='lat' dir='ltr'><strong>constabat,</strong></span> <span class='ocrx_word' id='word_1_234' title='bbox 679 2675 772 2738; x_wconf 91' lang='lat' dir='ltr'><strong>quam</strong></span> <span class='ocrx_word' id='word_1_235' title='bbox 795 2655 894 2739; x_wconf 88' lang='lat' dir='ltr'><strong>ipsius</strong></span> <span class='ocrx_word' id='word_1_236' title='bbox 917 2660 1013 2738; x_wconf 75' lang='lat' dir='ltr'><strong>pater-</strong></span> <span class='ocrx_word' id='word_1_237' title='bbox 1026 2654 1201 2737; x_wconf 81' lang='lat' dir='ltr'><strong>fraterque,</strong></span> <span class='ocrx_word' id='word_1_238' title='bbox 1229 2675 1309 2737; x_wconf 91' lang='lat' dir='ltr'><strong>quos</strong></span> 
     </span>
     <span class='ocr_line' id='line_1_29' title="bbox 178 2740 1312 2824; baseline 0.003 -23"><span class='ocrx_word' id='word_1_239' title='bbox 178 2740 287 2803; x_wconf 87' lang='lat' dir='ltr'><strong>ambos</strong></span> <span class='ocrx_word' id='word_1_240' title='bbox 321 2762 375 2803; x_wconf 91' lang='lat' dir='ltr'><strong>rus</strong></span> <span class='ocrx_word' id='word_1_241' title='bbox 406 2743 562 2823; x_wconf 81' lang='lat' dir='ltr'><strong>profectos</strong></span> <span class='ocrx_word' id='word_1_242' title='bbox 588 2763 655 2804; x_wconf 87' lang='lat' dir='ltr'><strong>esse</strong></span> <span class='ocrx_word' id='word_1_243' title='bbox 685 2751 881 2824; x_wconf 85' lang='lat' dir='ltr'><strong>compertum</strong></span> <span class='ocrx_word' id='word_1_244' title='bbox 898 2740 1057 2803; x_wconf 86' lang='lat' dir='ltr'><strong>hahebat.</strong></span> <span class='ocrx_word' id='word_1_245' title='bbox 1111 2740 1312 2822; x_wconf 78' lang='lat' dir='ltr'><strong>Quapropter</strong></span> 
     </span>
     <span class='ocr_line' id='line_1_30' title="bbox 179 2823 1307 2907; baseline 0.002 -21"><span class='ocrx_word' id='word_1_246' title='bbox 179 2844 285 2887; x_wconf 87' lang='lat' dir='ltr'><strong>versus</strong></span> <span class='ocrx_word' id='word_1_247' title='bbox 301 2829 350 2887; x_wconf 80' lang='lat'><strong>62.</strong></span> <span class='ocrx_word' id='word_1_248' title='bbox 368 2834 399 2887; x_wconf 91' lang='lat' dir='ltr'><strong>et</strong></span> <span class='ocrx_word' id='word_1_249' title='bbox 415 2830 464 2889; x_wconf 86' lang='grc'><strong>63.</strong></span> <span class='ocrx_word' id='word_1_250' title='bbox 480 2847 518 2890; x_wconf 88' lang='lat' dir='ltr'><strong>ea</strong></span> <span class='ocrx_word' id='word_1_251' title='bbox 532 2833 656 2889; x_wconf 90' lang='lat' dir='ltr'><strong>tantum</strong></span> <span class='ocrx_word' id='word_1_252' title='bbox 672 2827 711 2890; x_wconf 92' lang='lat' dir='ltr'><strong>de</strong></span> <span class='ocrx_word' id='word_1_253' title='bbox 725 2846 822 2889; x_wconf 75' lang='lat' dir='ltr'><strong>sarisa</strong></span> <span class='ocrx_word' id='word_1_254' title='bbox 837 2825 961 2890; x_wconf 89' lang='lat' dir='ltr'><strong>additos</strong></span> <span class='ocrx_word' id='word_1_255' title='bbox 984 2833 1070 2906; x_wconf 87' lang='lat' dir='ltr'><strong>puto,</strong></span> <span class='ocrx_word' id='word_1_256' title='bbox 1094 2834 1128 2887; x_wconf 86' lang='lat' dir='ltr'><strong>ut</strong></span> <span class='ocrx_word' id='word_1_257' title='bbox 1149 2823 1307 2907; x_wconf 90' lang='lat' dir='ltr'><strong>probabili</strong></span> 
     </span>
     <span class='ocr_line' id='line_1_31' title="bbox 177 2909 1308 2992; baseline 0.001 -19"><span class='ocrx_word' id='word_1_258' title='bbox 177 2910 281 2992; x_wconf 87' lang='lat' dir='ltr'><strong>speeie</strong></span> <span class='ocrx_word' id='word_1_259' title='bbox 311 2909 449 2989; x_wconf 88' lang='lat' dir='ltr'><strong>Antipho</strong></span> <span class='ocrx_word' id='word_1_260' title='bbox 477 2930 571 2973; x_wconf 86' lang='lat' dir='ltr'><strong>saeua</strong></span> <span class='ocrx_word' id='word_1_261' title='bbox 600 2919 814 2987; x_wconf 79' lang='lat' dir='ltr'><strong>amoveretur3</strong></span> <span class='ocrx_word' id='word_1_262' title='bbox 852 2909 1021 2974; x_wconf 87' lang='lat' dir='ltr'><strong>Menandri</strong></span> <span class='ocrx_word' id='word_1_263' title='bbox 1055 2930 1126 2972; x_wconf 88' lang='lat' dir='ltr'><strong>vero</strong></span> <span class='ocrx_word' id='word_1_264' title='bbox 1155 2909 1308 2974; x_wconf 89' lang='lat' dir='ltr'><strong>eiusmodi</strong></span> 
     </span>
     <span class='ocr_line' id='line_1_32' title="bbox 178 2994 1310 3079; baseline 0.003 -24"><span class='ocrx_word' id='word_1_265' title='bbox 178 2994 410 3075; x_wconf 81' lang='lat' dir='ltr'><strong>neglegentiam</strong></span> <span class='ocrx_word' id='word_1_266' title='bbox 432 3014 500 3057; x_wconf 86' lang='lat' dir='ltr'><strong>esse</strong></span> <span class='ocrx_word' id='word_1_267' title='bbox 521 3015 610 3074; x_wconf 77' lang='lat' dir='ltr'><strong>nego,</strong></span> <span class='ocrx_word' id='word_1_268' title='bbox 655 2996 746 3079; x_wconf 83' lang='lat' dir='ltr'><strong>Apud</strong></span> <span class='ocrx_word' id='word_1_269' title='bbox 769 3017 840 3058; x_wconf 88' lang='lat' dir='ltr'><strong>eum</strong></span> <span class='ocrx_word' id='word_1_270' title='bbox 864 2997 910 3058; x_wconf 88' lang='lat' dir='ltr'><strong>ita</strong></span> <span class='ocrx_word' id='word_1_271' title='bbox 932 3002 1036 3059; x_wconf 84' lang='lat' dir='ltr'><strong>aetum</strong></span> <span class='ocrx_word' id='word_1_272' title='bbox 1059 3002 1137 3076; x_wconf 92' lang='lat' dir='ltr'><strong>puto</strong></span> <span class='ocrx_word' id='word_1_273' title='bbox 1161 3000 1195 3059; x_wconf 87' lang='lat' dir='ltr'><strong>ut</strong></span> <span class='ocrx_word' id='word_1_274' title='bbox 1210 2994 1310 3058; x_wconf 88' lang='lat' dir='ltr'><strong>Chae·</strong></span> 
     </span>
     <span class='ocr_line' id='line_1_33' title="bbox 181 3078 1312 3162; baseline 0.005 -24"><span class='ocrx_word' id='word_1_275' title='bbox 181 3097 235 3139; x_wconf 90' lang='lat' dir='ltr'><strong>rea</strong></span> <span class='ocrx_word' id='word_1_276' title='bbox 251 3081 389 3143; x_wconf 85' lang='lat' dir='ltr'><strong>l‘aeinore</strong></span> <span class='ocrx_word' id='word_1_277' title='bbox 404 3079 543 3162; x_wconf 86' lang='lat' dir='ltr'><strong>perfeeto</strong></span> <span class='ocrx_word' id='word_1_278' title='bbox 559 3079 689 3144; x_wconf 86' lang='lat' dir='ltr'><strong>Thaidis</strong></span> <span class='ocrx_word' id='word_1_279' title='bbox 706 3082 799 3144; x_wconf 89' lang='lat' dir='ltr'><strong>domo</strong></span> <span class='ocrx_word' id='word_1_280' title='bbox 821 3099 963 3162; x_wconf 85' lang='lat' dir='ltr'><strong>egressus</strong></span> <span class='ocrx_word' id='word_1_281' title='bbox 983 3078 1060 3162; x_wconf 85' lang='lat' dir='ltr'><strong>quid</strong></span> <span class='ocrx_word' id='word_1_282' title='bbox 1084 3086 1207 3162; x_wconf 83' lang='lat' dir='ltr'><strong>gestum</strong></span> <span class='ocrx_word' id='word_1_283' title='bbox 1228 3086 1312 3144; x_wconf 87' lang='lat' dir='ltr'><strong>esset</strong></span> 
     </span>
    </p>
   </div>
   <div class='ocr_carea' id='block_1_3' title="bbox 180 3163 1311 3585">
    <p class='ocr_par' dir='ltr' id='par_1_5' title="bbox 180 3163 1311 3491">
     <span class='ocr_line' id='line_1_34' title="bbox 181 3163 1310 3248; baseline 0.006 -27"><span class='ocrx_word' id='word_1_284' title='bbox 181 3171 334 3233; x_wconf 79' lang='lat' dir='ltr'><strong>narraret,</strong></span> <span class='ocrx_word' id='word_1_285' title='bbox 357 3164 472 3228; x_wconf 87' lang='lat' dir='ltr'><strong>Dorias</strong></span> <span class='ocrx_word' id='word_1_286' title='bbox 488 3163 624 3228; x_wconf 85' lang='lat' dir='ltr'><strong>adventu</strong></span> <span class='ocrx_word' id='word_1_287' title='bbox 647 3167 815 3248; x_wconf 87' lang='lat' dir='ltr'><strong>quominus</strong></span> <span class='ocrx_word' id='word_1_288' title='bbox 837 3166 964 3228; x_wconf 89' lang='lat' dir='ltr'><strong>domum</strong></span> <span class='ocrx_word' id='word_1_289' title='bbox 986 3164 1121 3227; x_wconf 86' lang='lat' dir='ltr'><strong>intraret</strong></span> <span class='ocrx_word' id='word_1_290' title='bbox 1139 3164 1310 3247; x_wconf 66' lang='lat' dir='ltr'><strong>‘impedire-</strong></span> 
     </span>
     <span class='ocr_line' id='line_1_35' title="bbox 181 3248 1310 3333; baseline 0.006 -25"><span class='ocrx_word' id='word_1_291' title='bbox 181 3251 248 3320; x_wconf 84' lang='lat' dir='ltr'><strong>tur‚</strong></span> <span class='ocrx_word' id='word_1_292' title='bbox 276 3267 333 3328; x_wconf 89' lang='lat' dir='ltr'><strong>per</strong></span> <span class='ocrx_word' id='word_1_293' title='bbox 352 3250 528 3332; x_wconf 81' lang='lat' dir='ltr'><strong>complures</strong></span> <span class='ocrx_word' id='word_1_294' title='bbox 549 3252 616 3315; x_wconf 84' lang='lat' dir='ltr'><strong>vias</strong></span> <span class='ocrx_word' id='word_1_295' title='bbox 638 3259 777 3328; x_wconf 84' lang='lat' dir='ltr'><strong>erraret,</strong></span> <span class='ocrx_word' id='word_1_296' title='bbox 801 3249 937 3333; x_wconf 89' lang='lat' dir='ltr'><strong>denique</strong></span> <span class='ocrx_word' id='word_1_297' title='bbox 958 3250 999 3313; x_wconf 92' lang='lat' dir='ltr'><strong>ad</strong></span> <span class='ocrx_word' id='word_1_298' title='bbox 1021 3248 1153 3315; x_wconf 87' lang='lat' dir='ltr'><strong>Thaidis</strong></span> <span class='ocrx_word' id='word_1_299' title='bbox 1174 3269 1310 3333; x_wconf 86' lang='lat' dir='ltr'><strong>suasque</strong></span> 
     </span>
     <span class='ocr_line' id='line_1_36' title="bbox 180 3331 1311 3491; baseline 0.004 -98"><span class='ocrx_word' id='word_1_300' title='bbox 180 3331 285 3479; x_wconf 49' lang='lat' dir='ltr'><strong>{semeso</strong></span> <span class='ocrx_word' id='word_1_301' title='bbox 296 3332 428 3491; x_wconf 59' lang='lat' dir='ltr'><strong>ppdirem</strong></span> <span class='ocrx_word' id='word_1_302' title='bbox 456 3355 537 3418; x_wconf 92' lang='lat' dir='ltr'><strong>quae</strong></span> <span class='ocrx_word' id='word_1_303' title='bbox 560 3337 681 3451; x_wconf 78' lang='lat' dir='ltr'><strong>¹itinera</strong></span> <span class='ocrx_word' id='word_1_304' title='bbox 710 3357 781 3398; x_wconf 90' lang='lat' dir='ltr'><strong>eum</strong></span> <span class='ocrx_word' id='word_1_305' title='bbox 807 3335 1027 3418; x_wconf 83' lang='lat' dir='ltr'><strong>depingentem</strong></span> <span class='ocrx_word' id='word_1_306' title='bbox 1051 3333 1197 3409; x_wconf 84' lang='lat' dir='ltr'><strong>andimus</strong></span> <span class='ocrx_word' id='word_1_307' title='bbox 1220 3334 1258 3413; x_wconf 71' lang='lat' dir='ltr'><strong>V‚&#39;</strong></span> <span class='ocrx_word' id='word_1_308' title='bbox 1281 3339 1311 3412; x_wconf 82' lang='grc'><strong>2,</strong></span> 
     </span>
    </p>

    <p class='ocr_par' dir='ltr' id='par_1_6' title="bbox 265 3465 1310 3585">
     <span class='ocr_line' id='line_1_37' title="bbox 265 3465 1310 3585; baseline 0.003 -19"><span class='ocrx_word' id='word_1_309' title='bbox 265 3465 427 3566; x_wconf 60' lang='lat' dir='ltr'>Sed-haec</span> <span class='ocrx_word' id='word_1_310' title='bbox 448 3503 610 3569; x_wconf 85' lang='lat' dir='ltr'><strong>haetenus.</strong></span> <span class='ocrx_word' id='word_1_311' title='bbox 655 3505 743 3582; x_wconf 81' lang='lat' dir='ltr'><strong>Quod</strong></span> <span class='ocrx_word' id='word_1_312' title='bbox 768 3504 919 3568; x_wconf 87' lang='lat' dir='ltr'><strong>Horatius</strong></span> <span class='ocrx_word' id='word_1_313' title='bbox 940 3522 988 3585; x_wconf 90' lang='lat' dir='ltr'><strong>ep.</strong></span> <span class='ocrx_word' id='word_1_314' title='bbox 1011 3501 1052 3581; x_wconf 86' lang='lat' dir='ltr'><strong>II,</strong></span> <span class='ocrx_word' id='word_1_315' title='bbox 1078 3508 1104 3581; x_wconf 90' lang='lat' dir='ltr'><strong>l,</strong></span> <span class='ocrx_word' id='word_1_316' title='bbox 1127 3508 1166 3568; x_wconf 81' lang='lat'><strong>59</strong></span> <span class='ocrx_word' id='word_1_317' title='bbox 1189 3503 1310 3583; x_wconf 81' lang='lat' dir='ltr'><strong>laudat,</strong></span> 
     </span>
    </p>
   </div>
   <div class='ocr_carea' id='block_1_4' title="bbox 181 3665 378 3673">
    <p class='ocr_par' dir='ltr' id='par_1_7' title="bbox 181 3665 378 3673">
     <span class='ocr_line' id='line_1_38' title="bbox 181 3665 378 3673; baseline 0 -2"><span class='ocrx_word' id='word_1_318' title='bbox 181 3665 378 3673; x_wconf 51' lang='lat' dir='ltr'><strong><em>...w-...-</em></strong></span> 
     </span>
    </p>
   </div>
   <div class='ocr_carea' id='block_1_5' title="bbox 177 3761 1311 4114">
    <p class='ocr_par' dir='ltr' id='par_1_8' title="bbox 177 3761 1311 4114">
     <span class='ocr_line' id='line_1_39' title="bbox 252 3761 1310 3830; baseline -0.005 -14"><span class='ocrx_word' id='word_1_319' title='bbox 252 3766 270 3827; x_wconf 79' lang='lat' dir='ltr'><strong>ll</strong></span> <span class='ocrx_word' id='word_1_320' title='bbox 304 3765 395 3816; x_wconf 86' lang='lat' dir='ltr'><strong>Verbo</strong></span> <span class='ocrx_word' id='word_1_321' title='bbox 407 3764 555 3820; x_wconf 78' lang='lat' dir='ltr'><strong>inducendi</strong></span> <span class='ocrx_word' id='word_1_322' title='bbox 568 3779 630 3817; x_wconf 88' lang='lat' dir='ltr'><strong>sum</strong></span> <span class='ocrx_word' id='word_1_323' title='bbox 649 3777 756 3813; x_wconf 86' lang='lat' dir='ltr'><strong>sensum</strong></span> <span class='ocrx_word' id='word_1_324' title='bbox 776 3777 835 3813; x_wconf 88' lang='lat' dir='ltr'><strong>esse</strong></span> <span class='ocrx_word' id='word_1_325' title='bbox 850 3765 964 3830; x_wconf 85' lang='lat' dir='ltr'><strong>apparet</strong></span> <span class='ocrx_word' id='word_1_326' title='bbox 982 3768 1013 3814; x_wconf 90' lang='lat' dir='ltr'><strong>ut</strong></span> <span class='ocrx_word' id='word_1_327' title='bbox 1030 3762 1067 3814; x_wconf 87' lang='lat' dir='ltr'><strong>sit</strong></span> <span class='ocrx_word' id='word_1_328' title='bbox 1084 3762 1118 3813; x_wconf 89' lang='lat' dir='ltr'><strong>de</strong></span> <span class='ocrx_word' id='word_1_329' title='bbox 1135 3776 1184 3814; x_wconf 91' lang='lat' dir='ltr'><strong>suo</strong></span> <span class='ocrx_word' id='word_1_330' title='bbox 1202 3761 1310 3815; x_wconf 85' lang='lat' dir='ltr'><strong>addere.</strong></span> 
     </span>
     <span class='ocr_line' id='line_1_40' title="bbox 248 3828 1311 3904; baseline -0.005 -16"><span class='ocrx_word' id='word_1_331' title='bbox 248 3836 269 3902; x_wconf 72' lang='lat'><strong>²)</strong></span> <span class='ocrx_word' id='word_1_332' title='bbox 305 3835 398 3888; x_wconf 90' lang='lat' dir='ltr'><strong>Talem</strong></span> <span class='ocrx_word' id='word_1_333' title='bbox 425 3852 569 3904; x_wconf 88' lang='lat' dir='ltr'><strong>personam</strong></span> <span class='ocrx_word' id='word_1_334' title='bbox 601 3833 646 3886; x_wconf 78' lang='lat' dir='ltr'><strong>orii</strong></span> <span class='ocrx_word' id='word_1_335' title='bbox 678 3836 837 3884; x_wconf 85' lang='lat' dir='ltr'><strong>narraretur</strong></span> <span class='ocrx_word' id='word_1_336' title='bbox 863 3831 971 3885; x_wconf 82' lang='lat' dir='ltr'><strong>induxit</strong></span> <span class='ocrx_word' id='word_1_337' title='bbox 997 3832 1141 3885; x_wconf 83' lang='lat' dir='ltr'><strong>Terentius</strong></span> <span class='ocrx_word' id='word_1_338' title='bbox 1172 3828 1311 3883; x_wconf 85' lang='lat' dir='ltr'><strong>simillimo</strong></span> 
     </span>
     <span class='ocr_line' id='line_1_41' title="bbox 179 3900 1311 3974; baseline -0.003 -19"><span class='ocrx_word' id='word_1_339' title='bbox 179 3903 239 3957; x_wconf 87' lang='lat' dir='ltr'><strong>loeo</strong></span> <span class='ocrx_word' id='word_1_340' title='bbox 257 3905 339 3958; x_wconf 85' lang='lat' dir='ltr'><strong>Andr.</strong></span> <span class='ocrx_word' id='word_1_341' title='bbox 358 3904 389 3972; x_wconf 88' lang='lat' dir='ltr'><strong>V,</strong></span> <span class='ocrx_word' id='word_1_342' title='bbox 408 3907 432 3970; x_wconf 82' lang='lat'><strong>5,</strong></span> <span class='ocrx_word' id='word_1_343' title='bbox 451 3910 481 3969; x_wconf 83' lang='lat'><strong>6,</strong></span> <span class='ocrx_word' id='word_1_344' title='bbox 511 3923 564 3974; x_wconf 91' lang='lat' dir='ltr'><strong>quo</strong></span> <span class='ocrx_word' id='word_1_345' title='bbox 581 3904 688 3956; x_wconf 84' lang='lat' dir='ltr'><strong>Davum</strong></span> <span class='ocrx_word' id='word_1_346' title='bbox 708 3900 867 3969; x_wconf 88' lang='lat' dir='ltr'><strong>Pamphilus</strong></span> <span class='ocrx_word' id='word_1_347' title='bbox 883 3901 1014 3971; x_wconf 86' lang='lat' dir='ltr'><strong>impetrat</strong></span> <span class='ocrx_word' id='word_1_348' title='bbox 1031 3902 1075 3955; x_wconf 88' lang='lat' dir='ltr'><strong>eui</strong></span> <span class='ocrx_word' id='word_1_349' title='bbox 1096 3906 1197 3953; x_wconf 86' lang='lat' dir='ltr'><strong>narret.</strong></span> <span class='ocrx_word' id='word_1_350' title='bbox 1241 3900 1311 3966; x_wconf 73' lang='lat' dir='ltr'><strong>Quo·</strong></span> 
     </span>
     <span class='ocr_line' id='line_1_42' title="bbox 179 3970 1309 4036; baseline -0.003 -11"><span class='ocrx_word' id='word_1_351' title='bbox 179 3975 269 4026; x_wconf 88' lang='lat' dir='ltr'><strong>minus</strong></span> <span class='ocrx_word' id='word_1_352' title='bbox 286 3975 337 4028; x_wconf 82' lang='lat' dir='ltr'><strong>hoo</strong></span> <span class='ocrx_word' id='word_1_353' title='bbox 354 3976 415 4028; x_wconf 88' lang='lat' dir='ltr'><strong>loeo</strong></span> <span class='ocrx_word' id='word_1_354' title='bbox 433 3977 527 4029; x_wconf 87' lang='lat' dir='ltr'><strong>eodem</strong></span> <span class='ocrx_word' id='word_1_355' title='bbox 544 3973 626 4026; x_wconf 90' lang='lat' dir='ltr'><strong>modo</strong></span> <span class='ocrx_word' id='word_1_356' title='bbox 643 3970 837 4024; x_wconf 85' lang='lat' dir='ltr'><strong>Parmenonem</strong></span> <span class='ocrx_word' id='word_1_357' title='bbox 856 3973 891 4026; x_wconf 84' lang='lat' dir='ltr'><strong>ed</strong></span> <span class='ocrx_word' id='word_1_358' title='bbox 909 3972 980 4025; x_wconf 88' lang='lat' dir='ltr'><strong>haue</strong></span> <span class='ocrx_word' id='word_1_359' title='bbox 995 3988 1052 4024; x_wconf 87' lang='lat' dir='ltr'><strong>rem</strong></span> <span class='ocrx_word' id='word_1_360' title='bbox 1070 3974 1161 4021; x_wconf 86' lang='lat' dir='ltr'><strong>sumat</strong></span> <span class='ocrx_word' id='word_1_361' title='bbox 1178 3974 1260 4036; x_wconf 86' lang='lat' dir='ltr'><strong>poete</strong></span> <span class='ocrx_word' id='word_1_362' title='bbox 1278 3987 1309 4022; x_wconf 88' lang='lat' dir='ltr'><strong>eo</strong></span> 
     </span>
     <span class='ocr_line' id='line_1_43' title="bbox 177 4036 1308 4114; baseline -0.008 -15"><span class='ocrx_word' id='word_1_363' title='bbox 177 4046 334 4114; x_wconf 87' lang='lat' dir='ltr'><strong>impeditur,</strong></span> <span class='ocrx_word' id='word_1_364' title='bbox 360 4046 432 4112; x_wconf 89' lang='lat' dir='ltr'><strong>quod</strong></span> <span class='ocrx_word' id='word_1_365' title='bbox 457 4047 492 4098; x_wconf 84' lang='lat' dir='ltr'><strong>ad</strong></span> <span class='ocrx_word' id='word_1_366' title='bbox 515 4045 597 4096; x_wconf 87' lang='lat' dir='ltr'><strong>finem</strong></span> <span class='ocrx_word' id='word_1_367' title='bbox 621 4040 730 4092; x_wconf 84' lang='lat' dir='ltr'><strong>fabulae</strong></span> <span class='ocrx_word' id='word_1_368' title='bbox 752 4039 885 4096; x_wconf 86' lang='lat' dir='ltr'><strong>Parmeno</strong></span> <span class='ocrx_word' id='word_1_369' title='bbox 906 4042 1021 4110; x_wconf 85' lang='lat' dir='ltr'><strong>Pythiae</strong></span> <span class='ocrx_word' id='word_1_370' title='bbox 1045 4036 1210 4093; x_wconf 83' lang='lat' dir='ltr'><strong>deridendus</strong></span> <span class='ocrx_word' id='word_1_371' title='bbox 1228 4040 1308 4092; x_wconf 91' lang='lat' dir='ltr'><strong>relin-</strong></span> 
     </span>
    </p>
   </div>
   <div class='ocr_carea' id='block_1_6' title="bbox 177 4119 278 4186">
    <p class='ocr_par' dir='ltr' id='par_1_9' title="bbox 177 4119 278 4186">
     <span class='ocr_line' id='line_1_44' title="bbox 177 4119 278 4186; baseline -0.03 -15"><span class='ocrx_word' id='word_1_372' title='bbox 177 4119 278 4186; x_wconf 87' lang='lat' dir='ltr'><strong>quitur.</strong></span> 
     </span>
    </p>
   </div>
   <div class='ocr_carea' id='block_1_7' title="bbox 0 0 1470 4658">
    <p class='ocr_par' dir='ltr' id='par_1_10' title="bbox 0 0 1470 4658">
     <span class='ocr_line' id='line_1_45' title="bbox 0 0 1470 4658; baseline 0 0"><span class='ocrx_word' id='word_1_373' title='bbox 0 0 1470 4658; x_wconf 95' lang='lat' dir='ltr'><strong> </strong></span> 
     </span>
    </p>
   </div>
  </div>
 </body>
</html>
