2930 4658
703 253 744 315 30

153 434 345 503 ‘Terentium
361 435 487 501 macera
503 434 581 501 arte'
603 434 663 501 hoc
685 436 779 500 etad
804 442 904 500 artem
927 436 1053 502 dicendi
1075 457 1287 524 personasque

154 520 347 604 depingendi
369 526 402 585 et
423 519 464 587 ad
480 526 581 587 artem
596 521 831 585 contaminandi
846 524 1003 604 pertinere
1023 532 1116 606 puto3
1140 530 1288 603 rectaque

153 604 370 675 weomadum
402 613 450 669 est
480 603 660 669 Terentium
691 606 738 670 ita
765 605 955 688 coniungere
984 609 1162 690 complures
1195 606 1288 670 huius

152 689 280 757 fabulae
304 710 415 755 scenas
436 709 475 757 ex
498 689 630 755 diversis
652 689 774 757 duabus
789 691 955 756 Menandri
971 691 1087 757 fabulis
1105 691 1289 774 desumptas

153 781 191 849 ut
211 795 250 839 ex
273 795 338 841 una
359 774 487 841 fluxisse
508 773 686 839 rideantur.
732 775 834 855 Quam
856 797 924 841 rem
947 776 1057 841 Ihnius
1072 777 1118 841 ita
1132 778 1288 859 interpre-

153 866 241 925 tatus
262 868 323 935 est,
356 865 393 929 ut
413 858 583 924 simillimis
604 865 637 923 et
657 866 846 941 argumento
867 868 901 924 et
921 864 1064 926 oratione
1085 862 1219 926 duarum
1242 860 1257 923 i
1276 894 1289 907 -

153 943 301 1019 bularum
323 944 414 1028 quasi
430 944 539 1011 eadem
556 943 651 1009 fnisse
666 945 764 1009 verba
778 947 977 1029 eundemque
992 967 1156 1013 scenarum
1172 966 1289 1009 nexum

152 1030 382 1094 sectant-iarum
398 1033 525 1092 censeat
534 1028 781 1111 Terentiumque
796 1031 899 1094 altera
920 1038 1011 1114 parte
1033 1053 1072 1095 er
1095 1032 1164 1105 hac,
1186 1031 1289 1094 altera

154 1135 194 1181 ex
215 1114 271 1179 illa
292 1113 402 1181 sabula
423 1119 550 1196 sumpta
572 1134 691 1191 scenas,
713 1136 848 1197 quarum
870 1117 1061 1181 mentionem
1083 1114 1223 1189 fecimus,
1245 1114 1289 1178 ei·

153 1198 274 1271 fecisse.
318 1198 380 1262 Sed
403 1203 529 1262 tantum
551 1198 656 1275 abest,
690 1207 726 1262 ut
747 1209 832 1264 recte
854 1200 913 1264 hoc
934 1202 1134 1278 indicauerit,
1167 1208 1203 1265 ut
1225 1199 1289 1283 ple·

152 1305 287 1367 rumque
309 1305 373 1349 non
394 1283 487 1349 modo
510 1284 651 1365 proferre
674 1305 736 1348 nou
759 1286 915 1368 possimus
936 1285 991 1350 uhi
1013 1288 1054 1351 sit
1076 1288 1200 1350 initium
1224 1305 1288 1349 sce·

154 1389 215 1437 nae
236 1390 278 1435 ex
298 1370 401 1434 altera
421 1367 529 1432 lahula
551 1376 712 1451 sumptae,
739 1370 793 1433 sed
817 1369 959 1453 profiteri
981 1392 1130 1452 cogamur
1153 1392 1191 1434 ex
1214 1390 1289 1435 neu·

154 1461 212 1525 tra
236 1454 295 1521 has
323 1460 431 1538 partes
458 1474 582 1517 sumere
608 1460 733 1536 poetam
763 1455 912 1537 potuisse.
957 1456 1167 1539 Antiphonem
1191 1476 1210 1518 a
1230 1453 1288 1519 Te·

153 1540 257 1604 rentio
278 1540 442 1607 inventum
463 1557 531 1603 esse
553 1538 616 1603 iam
637 1560 735 1621 supra
756 1540 967 1614 defendimus:
999 1547 1096 1605 etiam
1118 1543 1151 1604 in
1174 1541 1289 1604 ceteris

153 1623 295 1709 personis
316 1621 530 1688 describendis
551 1623 699 1704 omnique
721 1624 848 1689 fabulae
869 1626 994 1690 actione
1023 1644 1115 1690 suum
1146 1631 1288 1689 secutum

70 1700 76 1715 ’
154 1729 222 1774 esse
244 1708 404 1792 ingenium
429 1707 591 1790 multaque
613 1729 786 1772 nevaeum
809 1710 954 1774 attulisse
977 1710 1219 1775 cumGrauerto
1240 1710 1288 1772 in·

154 1794 236 1863 dico.
277 1793 388 1876 Neque
408 1791 522 1859 mirum
544 1791 605 1859 hoc
626 1797 683 1857 est.
728 1792 836 1872 Quuni
854 1802 1002 1877 quartam
1019 1795 1157 1861 labulam
1174 1794 1288 1859 Teren-

154 1880 219 1949 cus
249 1877 438 1948 Eunuchum
470 1877 636 1954 scriberet,
673 1879 808 1943 multum
842 1880 895 1956 iis,
927 1901 1011 1963 >quas
1042 1886 1137 1945 antea
1170 1887 1287 1962 egerat,

153 1963 299 2031 edoctum
320 1983 394 2031 sum
415 1962 592 2045 putaverim
630 1983 691 2029 non
714 1964 881 2046 ignorabat
908 1965 1020 2046 igitur,
1053 1965 1168 2049 quibus
1193 1964 1286 2028 rebus

154 2048 291 2133 populus
313 2054 563 2113 commoveretur
585 2047 723 2130 quidque
745 2069 823 2131 opus
846 2056 929 2115 esset
950 2057 987 2115 nt
1007 2050 1117 2116 fabula
1138 2051 1281 2133 placeret

154 2133 246 2213 Quod
268 2131 379 2201 doctus
400 2138 470 2199 arat
493 2131 569 2214 quin
592 2132 626 2197 id
648 2133 680 2196 iu
703 2154 786 2197 nova
801 2132 910 2199 fabula
925 2135 1092 2201 scribenda
1107 2131 1284 2199 adhibuerit

154 2219 227 2301 quis
255 2224 304 2283 est
331 2218 384 2300 qui
413 2215 546 2283 dubitet.
592 2217 722 2300 Iamque
745 2219 851 2301 paullo
873 2219 1075 2284 audaciorem
1098 2241 1168 2285 eum
1189 2217 1284 2281 fuisse

155 2323 252 2389 quam
282 2307 378 2367 antea
406 2303 438 2367 iu
468 2301 688 2367 convertendis
708 2301 826 2367 fabulis
848 2304 977 2367 Graecis
999 2327 1063 2369 non
1084 2306 1208 2369 videtur
1229 2302 1286 2366 mi-

154 2409 245 2466 rum3
266 2387 405 2453 hahebat
419 2387 504 2453 enim
518 2385 644 2457 laudem
660 2409 731 2450 cum
753 2389 890 2453 universi
913 2390 1022 2473 populi
1044 2398 1111 2455 tum
1133 2389 1288 2453 excelleu-

155 2473 236 2539 tium
259 2472 558 2555 praeclarorumque
582 2471 728 2537 virorum.
777 2474 973 2558 Quamquam
989 2476 1035 2541 in
1066 2475 1208 2558 personis
1235 2472 1289 2537 de·

155 2556 331 2625 scribendis
352 2576 443 2623 suum
465 2561 591 2621 tantum
613 2559 774 2638 ingenium
798 2580 869 2622 eum
892 2568 1033 2626 secutum
1056 2579 1122 2623 esse
1144 2577 1206 2621 non
1232 2578 1288 2637 pu-

155 2642 305 2721 tandum3
342 2648 376 2707 at
403 2640 450 2705 ita
480 2661 554 2704 suos
581 2641 657 2707 fecit
678 2643 815 2709 Graecos
837 2644 978 2709 hominos
998 2650 1035 2708 nt
1056 2643 1206 2707 Romanis
1234 2661 1289 2705 eos

156 2726 410 2795 accommodaret
430 2733 599 2808 gratosque
620 2726 777 2793 redderet.
812 2738 915 2811 Atque
930 2728 1045 2813 populo
1061 2727 1205 2792 Romano
1220 2727 1289 2811 pla·

156 2813 258 2883 cuisse
272 2811 466 2880 Graecorum
487 2809 613 2877 fabulas
634 2833 654 2877 a
675 2811 822 2879 Terentio
843 2822 954 2878 auctas
976 2819 1008 2876 et
1029 2813 1215 2877 emendatas
1237 2813 1288 2877 de·

154 2904 410 2965 monstratores
432 2896 515 2978 qnod
538 2896 605 2960 eius
629 2896 800 2963 Eunuchus
822 2898 870 2965 bis
892 2906 964 2965 acta
992 2919 1115 2962 summo
1143 2918 1289 2962 successu

156 2988 253 3066 atque
275 2979 426 3063 suffragio
448 2986 481 3047 st
502 3002 611 3046 rursus
634 2982 761 3049 vendita
777 2990 963 3068 mutumque
977 2986 1072 3066 pretii
1089 2988 1288 3049 numeratum

156 3073 206 3137 ess
226 3075 380 3150 quantum
405 3086 575 3148 numquam
598 3067 749 3152 antea1).

244 3151 415 3219 Videamus
433 3150 497 3214 iam
520 3151 596 3233 quid
618 3172 638 3215 a
659 3152 806 3217 Terentio
821 3153 963 3218 additum
980 3152 1162 3219 iudicemus.
1199 3153 1288 3231 Quod

156 3241 194 3303 ut
214 3235 419 3317 intellegatur
439 3234 526 3301 haud
547 3235 685 3301 alienum
707 3238 832 3301 videtur
854 3244 890 3301 ut
911 3239 1034 3305 omissis
1057 3238 1202 3320 personis
1226 3237 1288 3301 illis

156 3321 268 3386 militis
289 3328 322 3391 st
341 3320 476 3404 parasiti
496 3341 513 3382 e
536 3320 650 3386 Colace
672 3323 806 3403 sumptis
832 3324 941 3404 paucis
967 3323 1175 3407 explicemus,
1208 3339 1285 3404 quae

157 3405 267 3471 fabula
289 3405 434 3469 Eunuchi
458 3404 642 3469 Menandrei
664 3427 731 3469 esse
754 3406 907 3470 videatur.

241 3489 400 3561 Phaedria
420 3511 543 3555 summa
571 3491 604 3555 in
627 3489 781 3555 Thaidem
810 3492 1007 3557 meretricem
1037 3515 1134 3576 quam
1161 3490 1285 3556 amabat

157 3577 207 3642 ira
221 3582 443 3650 commovetur,
466 3575 542 3656 quia
565 3575 604 3639 ab
627 3596 666 3638 ea
688 3576 830 3657 repulsus
852 3584 937 3653 erat3
960 3584 995 3641 at
1010 3578 1105 3642 Thais
1121 3597 1191 3641 eum
1205 3575 1287 3638 bono

158 3662 264 3728 animo
293 3679 360 3722 esse
390 3658 478 3722 iubet
505 3660 610 3742 eique,
642 3660 716 3742 quid
740 3662 778 3724 de
801 3660 968 3745 Pamphila
996 3683 1088 3726 serva
1115 3662 1182 3725 fieri
1203 3659 1288 3739 velit,

158 3745 298 3830 exponit.
343 3743 411 3807 Iam
435 3763 505 3809 cum
528 3743 684 3810 Phaedria
705 3746 738 3807 in
761 3745 830 3809 eius
851 3749 986 3828 gratiam
1010 3748 1172 3825 rediisset,
1194 3767 1290 3810 eunu-

157 3831 252 3895 chum
274 3835 308 3895 et
327 3849 449 3894 serram
465 3828 666 3912 Aethiopiam
689 3831 717 3894 ei
740 3830 838 3894 dunat
855 3831 1145 3914 Parmenonemque
1168 3852 1291 3896 servum

158 3916 315 3980 adducere
345 3913 440 3977 iubet.
495 3914 543 3977 Ad
576 3914 659 3977 hauc
691 3913 817 3979 fabulae
846 3924 968 4000 partem
998 3918 1129 4000 ipsaque
1152 3917 1293 3982 Terentii

158 4035 361 4048 ..n—*an*

230 4105 251 4171 ¹)
284 4102 393 4158 Donati.
410 4101 524 4171 praefat.
