2930 4658
731 287 768 347 15

179 463 384 548 despondeat.
432 466 583 533 Chremes
604 468 717 533 deinde
734 468 873 533 Charino
892 468 991 534 filiam
1014 491 1145 536 uxorem
1167 493 1201 536 sc
1225 472 1317 536 dctu-

179 570 249 613 rum
273 547 448 632 pollicetur.

265 635 425 700 Hactenus
440 636 479 700 de
503 637 606 702 verbis
628 637 844 720 versibusque.
888 638 1140 723 Disputcverunt
1161 641 1221 704 viri
1242 641 1317 707 doo-

180 718 295 784 tissimi
324 741 386 802 quo
417 721 487 786 loco
509 741 604 784 scene
624 730 708 786 esset
729 723 906 787 inserendo.
951 727 1055 807 Atque
1078 724 1225 789 Donatus
1246 727 1318 809 qui-

180 804 252 867 dem
271 808 294 883 ¹)
324 806 355 869 in
386 826 445 871 suo
474 807 647 889 exemplari
677 807 734 871 hos
765 827 872 870 versus
902 813 937 871 17
962 810 1075 890 legisse
1099 809 1224 874 videtur
1244 816 1318 894 post

181 889 291 966 verbs,
324 910 407 972 qnae
429 897 505 956 sunt
525 893 588 954 ‘Tu
609 893 699 955 Duce
720 891 774 955 att
793 891 928 956 domum'
950 895 1075 958 omissis
1103 894 1237 958 fortasse
1266 893 1317 959 his

179 973 254 1056 ipsis
275 975 389 1039 verbis.
434 975 487 1059 De„
496 976 608 1041 iisdem
624 976 765 1041 versibus
782 977 991 1061 Eugrephins,
1013 999 1107 1061 quem
1127 982 1172 1042 10.
1190 979 1317 1044 soeculo

178 1057 293 1123 vixisse
313 1067 449 1136 constat,
471 1061 550 1124 heco
572 1059 707 1125 adnotet
727 1061 769 1126 ed
792 1084 819 1125 v.
839 1065 886 1126 ll.
915 1065 981 1144 Ago
995 1084 1045 1127 me
1067 1063 1099 1126 in
1122 1064 1186 1127 tuis
1206 1084 1317 1127 sccun-

178 1141 244 1208 dis:
281 1144 477 1209 Exhortatur
502 1145 659 1209 Cicurinus
681 1145 883 1228 Pamphilum
905 1147 1113 1211 utensilium
1135 1147 1196 1210 sibi
1217 1169 1318 1230 prce·

178 1228 256 1292 beat.
303 1229 357 1292 ‘In
378 1229 530 1303 secundis,
553 1230 666 1314 inquit,
689 1231 780 1293 rebus
801 1231 862 1294 tuis
882 1231 1000 1313 respice
1013 1234 1084 1307 me’‚
1108 1232 1316 1315 1111111111-

179 1323 286 1375 testate
297 1314 497 1391 Chremetem,
521 1315 627 1379 omnia
644 1323 745 1398 potest
764 1316 873 1393 facere
892 1315 946 1378 tue
967 1339 1046 1401 quae
1067 1326 1100 1380 tu
1114 1317 1202 1380 coles.
1240 1319 1318 1382 Post

179 1396 261 1460 itanc
281 1420 384 1462 sersus
405 1409 575 1484 sequuntur
596 1400 783 1463 continentes
803 1400 892 1462 illam
914 1401 1096 1465 sententium
1119 1404 1316 1485 quemadmo-

178 1481 252 1546 dum
274 1483 352 1547 itum
374 1494 419 1547 est
441 1486 486 1549 ad
510 1484 711 1558 Chremetem,
735 1485 992 1567 quemadmodum
1014 1498 1158 1549 enoratus
1177 1487 1315 1551 Charino

174 1567 356 1650 promiserit
364 1569 488 1653 filiam.
537 1570 600 1633 Sed
621 1569 676 1633 Iros
698 1569 845 1633 tollendos
860 1590 923 1631 esse
936 1592 1041 1632 cneus
1053 1573 1220 1652 persuadet
1234 1573 1319 1655 quod

177 1654 336 1737 sequitur.-
376 1654 527 1717 ‘Memini
561 1664 653 1738 atque
688 1655 763 1719 cdco
800 1653 923 1734 lonqum
959 1663 1004 1717 est
1034 1666 1210 1737 exspectare
1239 1658 1315 1721 dum

178 1738 290 1800 exeat?
333 1738 371 1803 Si
391 1740 473 1803 enim
503 1749 574 1803 acta
603 1748 676 1803 sunt
703 1739 764 1801 ista
794 1738 899 1801 omniu
926 1737 960 1802 in
982 1739 1127 1825 publico,
1165 1743 1315 1824 quomodo

178 1823 242 1886 dici
258 1832 377 1905 potest,
401 1825 536 1887 maxime
557 1846 626 1887 cum
648 1832 811 1907 sequatur:
836 1824 900 1886 ‘Ne
921 1823 1085 1906 exspectio,
1109 1824 1183 1887 dum
1205 1833 1317 1887 escant

178 1906 258 1971 leuc:
286 1908 369 1971 intus
391 1908 645 1991 despondebitur,
677 1910 761 1970 intus
783 1912 989 1988 trermiqetur,
1024 1909 1053 1971 si
1073 1908 1149 1992 quid
1168 1918 1214 1972 cst
1233 1910 1318 1992 quod

178 1994 298 2056 restet?
341 1996 426 2076 Erpo
449 2016 518 2056 cum
546 1992 710 2076 leperimus
728 1991 889 2073 primum:
924 1994 1026 2055 ·Tuus
1047 2015 1130 2056 nunc
1156 1993 1312 2070 Chremes,

168 2082 339 2164 facturum
361 2101 439 2164 quae
459 2079 539 2142 ecles
560 2079 621 2141 scio
645 2099 707 2140 esse
725 2076 851 2152 omnia’,
875 2078 1018 2140 continuo
1033 2077 1175 2141 debemus
1188 2078 1316 2142 subiun-

175 2185 267 2245 pere:
301 2167 417 2246 ‘Atque
438 2165 515 2226 adeo
537 2164 661 2245 lcnpum
684 2161 773 2224 illum
795 2171 988 2243 caspectare,
1027 2163 1100 2225 dum
1123 2161 1183 2225 truc
1203 2166 1315 2231 exeat:

179 2247 231 2310 Ito
254 2248 335 2310 enim
358 2248 520 2327 intepretes
537 2249 586 2332 fit
606 2268 713 2310 sensus
734 2246 863 2308 sublatis
886 2246 1020 2309 ensibus
1042 2247 1097 2330 qui
1117 2246 1201 2311 intus
1227 2257 1315 2330 qesta

177 2333 359 2395 retinebant.
407 2332 454 2397 Fur
478 2333 561 2397 hisce
584 2332 687 2396 verbis
702 2330 877 2394 Greuertus
900 2330 959 2394 sibi
982 2334 1066 2394 visus
1086 2340 1134 2394 est
1150 2331 1209 2396 hoc
1224 2354 1315 2416 posse

178 2417 340 2500 colligere,
363 2418 579 2501 Eugraphium
602 2417 754 2500 reperisse
776 2415 855 2480 istos
876 2435 984 2479 versus
1005 2420 1153 2499 postll.:
1178 2422 1246 2499 Ape
1267 2439 1316 2481 me

177 2505 211 2566 in
234 2502 295 2565 tuis
316 2503 456 2566 secundis
478 2503 605 2584 respice.
653 2503 724 2584 lpse
747 2498 921 2564 Greuertus
944 2499 1113 2564 collecotos
1135 2500 1231 2565 inisse
1261 2522 1315 2567 eos

177 2595 250 2670 post
271 2608 395 2651 versum
422 2592 469 2651 12.
493 2596 526 2651 et
548 2588 680 2652 omissos
702 2585 798 2649 fuisse
826 2585 965 2668 reliquos
988 2586 1132 2651 Bembiui
1162 2605 1271 2650 versus
1294 2589 1313 2650 6

176 2678 286 2756 putat3
310 2693 386 2736 num
409 2672 482 2735 ille:
511 2675 559 2735 Tu
574 2673 664 2734 Doce
687 2668 740 2732 ubi
760 2670 896 2744 domum,
915 2691 1064 2751 propera,
1088 2691 1219 2745 accerse,
1242 2669 1315 2733 irinc

176 2758 232 2840 qui
251 2758 404 2835 auferant
425 2779 512 2832 eom,
543 2756 621 2840 quid
640 2766 721 2831 stae,
747 2754 824 2837 quid
844 2776 954 2826 cessas,
980 2777 1023 2818 eo.
1070 2763 1196 2818 servate
1217 2754 1314 2818 fuisse

176 2842 268 2919 velit,
298 2842 376 2905 satis
396 2862 463 2904 nou·
481 2840 687 2923 intellegitur.
733 2839 853 2903 Contra
877 2840 1069 2903 Gmuertum
1092 2841 1168 2901 sctis
1189 2839 1314 2921 copiose

176 2926 368 2991 Ritschelius
383 2945 505 2989 errasse
519 2925 689 3001 Donatum,
714 2922 932 3004 Eugrephium
948 2925 1101 3007 reperisse
1123 2922 1181 2987 hos
1205 2943 1314 2987 versus

175 3013 261 3075 inter
288 3016 334 3075 12.
351 3019 384 3076 ct
403 3015 450 3075 13.
475 3009 626 3093 disputet,
651 3017 686 3073 et
707 3008 805 3093 ipsius
821 3007 968 3071 Grsuerti
984 3008 1174 3078 sententiam
1189 3007 1315 3087 leudet3

177 3097 231 3159 sed
255 3097 389 3160 iterem
412 3096 552 3172 instruit,
576 3101 612 3159 ut
634 3095 675 3158 ab
698 3115 735 3158 eo
758 3112 860 3167 versu,
882 3093 937 3174 qui
960 3098 1009 3156 est
1035 3093 1078 3155 Te
1098 3092 1313 3174 easpectabam

177 3203 203 3241 e.
219 3200 249 3262 q.
262 3201 303 3252 1.,
327 3202 408 3244 nove
424 3200 518 3244 scene
533 3181 686 3256 ordietur,
711 3178 750 3242 ob
765 3197 898 3258 cumque
921 3197 987 3241 rem
1009 3177 1129 3259 aliquid
1153 3177 1313 3241 adiectum

177 3271 324 3348 oportere
352 3273 443 3347 putet
474 3272 545 3348 post
568 3264 702 3329 Charini
724 3260 819 3326 verbe
843 3262 1014 3324 Facturum
1041 3284 1121 3344 quae
1148 3261 1229 3324 cotes
1250 3262 1314 3326 scio

176 3372 240 3413 esse
261 3349 365 3411 omnic
387 3358 419 3412 et
440 3350 593 3414 excidisse
617 3348 741 3430 sliquos
762 3346 934 3409 versiculos
956 3347 1093 3410 coniciet
1111 3345 1231 3430 hosque
1246 3368 1314 3411 ver·

176 3434 413 3585 susdsuppleet‚
436 3435 548 3499 deletis
570 3433 618 3499 vel
640 3434 784 3508 mutatis,
808 3430 944 3514 quaein
968 3430 1120 3496 Bembino
1142 3437 1229 3513 sunt,
1253 3432 1313 3497 teli

176 3542 226 3585 mo
251 3521 321 3596 οἳ).

266 3607 351 3669 Tuus
379 3612 422 3667 est
451 3626 535 3667 nunc
559 3603 725 3669 Chremes.-
755 3602 917 3679 facturum
945 3622 1025 3683 quoe
1052 3600 1132 3665 cotes
1159 3601 1222 3665 scic
1250 3623 1314 3665 esse

177 3710 290 3752 omnm.

260 3772 397 3837 Memini
407 3782 498 3856 atque
509 3772 585 3835 adeo
597 3780 631 3835 ut
644 3769 728 3833 colui
741 3769 933 3832 commodum
949 3769 1008 3833 truc
1023 3791 1114 3833 senen
1128 3770 1191 3832 ecit
1202 3771 1312 3848 forus:

260 3859 372 3921 Secede
393 3858 469 3920 illuc
490 3854 726 3942 aliquantisper.
764 3857 863 3930 Doce,
890 3875 1014 3939 sequere
1035 3877 1084 3918 me
1104 3855 1170 3919 icco.
1188 3875 1309 3936 sequor.

247 4040 267 4106 ¹)
301 4055 396 4094 versus
414 4039 536 4090 cinctos
554 4053 613 4090 esse
630 4036 821 4110 demonstrant
837 4051 907 4101 quae
927 4034 962 4086 sd
980 4035 1012 4102 V,
1030 4036 1055 4102 6,
1074 4035 1104 4085 14
1123 4032 1246 4086 adnotet.

246 4109 268 4176 ²)
303 4124 422 4177 purerge
439 4110 499 4161 598.
