2930 4658
713 256 752 318 3⁷

164 448 273 509 censet
294 442 374 508 effici
397 442 515 507 Donati
536 441 654 520 verbis,
687 442 838 507 interesse
869 400 990 524 aliquid
1012 440 1097 507 iuter
1118 439 1301 507 Terentium

165 536 198 593 et
219 529 446 606 Menandrum
471 548 573 610 neque
595 548 682 602 vero,
705 526 782 610 quid
806 526 947 604 intersit,
969 532 1054 590 recte
1076 527 1154 591 mihi
1175 525 1301 591 ridetur

164 616 394 698 interpretatus
408 615 443 696 ¹).
488 613 712 677 Rusticitatem
734 612 818 676 euim
835 610 1010 687 Menandri,
1033 630 1128 694 quam
1151 610 1228 677 dicit
1237 610 1300 675 Do·
1420 684 1423 690 Δ

165 705 274 777 natus,
309 699 415 763 valere
443 704 521 781 puto
550 719 622 762 cum
650 698 689 761 ad
713 696 883 761 stultitiam
905 695 1066 779 quandam
1089 702 1185 782 atque
1206 694 1302 761 fatui-

165 790 265 849 tatem
286 784 382 857 (hauc
403 785 546 848 invenias
567 783 699 847 eandem
723 780 806 866 apud
829 780 1027 860 Terentium)
1054 789 1120 847 urm
1149 780 1303 865 simplici·

166 875 265 933 tatem
301 890 424 934 morum
461 874 494 933 et
531 868 763 950 quodammodo
795 866 1009 931 sinceritatem
1038 866 1303 950 probitatemque,

166 955 283 1018 malam
306 960 413 1021 autem
434 954 623 1017 sententiam
646 951 835 1018 rusticitatis
856 952 962 1015 minus
976 952 1095 1018 adesse.
1128 953 1172 1015 At
1186 952 1304 1017 Tereu-

165 1041 229 1103 tius
251 1039 312 1103 hac
335 1039 453 1121 ingenii
476 1046 567 1123 parte
590 1037 736 1119 neglecta
758 1036 905 1101 timidum
927 1037 1030 1120 primo
1060 1043 1093 1102 et
1121 1037 1220 1102 animi
1249 1037 1302 1101 de·

165 1124 254 1188 missi
276 1130 308 1186 et
328 1124 491 1204 ignarum,
515 1131 584 1187 tum
607 1144 679 1188 cum
703 1124 780 1187 satis
803 1129 906 1185 tutum
929 1143 962 1185 se
984 1122 1158 1204 intellegat,
1180 1122 1302 1188 iactan-

165 1217 230 1272 tem
256 1229 326 1271 eum
350 1209 500 1292 depingit.
544 1208 653 1272 Talem
677 1229 748 1273 enm
773 1213 807 1270 ut
835 1206 1040 1283 describeret,
1074 1208 1215 1285 alienum
1241 1206 1304 1272 luit

167 1314 187 1357 a
210 1293 378 1358 Menandri
400 1293 546 1368 consilio,
579 1301 689 1377 aptum
712 1292 773 1357 fuit
793 1291 948 1369 Terentii,
971 1293 1154 1441 qlptimeque
1172 1291 1233 1357 hoc
1254 1293 1302 1357 in·

167 1384 295 1442 rentum
316 1379 417 1444 abeo
439 1384 475 1443 ut
497 1378 700 1444 delectationi
723 1383 806 1444 esset
827 1397 865 1440 ea
879 1378 964 1441 iuter
1003 1377 1192 1462 haidemque
1206 1377 1301 1444 Chre·

166 1471 344 1547 metamque
366 1484 462 1528 scena
483 1464 697 1529 audientibus.
743 1464 844 1543 Quam
861 1462 1103 1546 descriptionem
1120 1484 1139 1528 a
1154 1463 1303 1528 Terentio

162 1555 266 1613 ortam
288 1570 356 1613 esse
378 1550 495 1613 iterum
516 1549 694 1632 iterumque
717 1547 901 1613 adnotando
920 1547 1011 1612 testis
1026 1549 1127 1613 erasit
1141 1548 1302 1629 Donatus3

163 1629 271 1697 alieni
293 1634 390 1697 liceat
410 1634 479 1696 eius
500 1634 724 1699 adnotationes
745 1636 785 1698 ad
807 1633 860 1710 IV,
883 1636 912 1709 5,
940 1637 992 1711 1ος
1014 1632 1067 1712 IV,
1092 1639 1120 1713 6,
1142 1641 1178 1709 73
1202 1634 1256 1714 IV,
1273 1638 1302 1711 d,

166 1724 220 1797 143
255 1718 309 1792 IV,
332 1722 361 1794 6,
386 1722 441 1794 16;
477 1718 529 1793 IV,
554 1723 581 1796 6,
607 1724 656 1782 31.
707 1719 797 1796 Quod
827 1718 1006 1800 insequenti
1035 1738 1129 1782 scena
1151 1718 1303 1784 Chremes

164 1802 343 1883 neglegitur
365 1803 481 1865 mirum
503 1822 565 1866 non
590 1809 651 1881 est3
673 1805 707 1868 iu
729 1825 767 1868 ea
788 1805 874 1867 enim
896 1802 1024 1867 Gnatho
1045 1802 1231 1889 Thrasoque
1253 1822 1303 1869 sa·

165 1888 207 1950 tis
229 1886 433 1951 delectationi
456 1882 538 1950 aoht.

250 1972 319 2036 Hoc
341 1970 455 2035 afferre
476 1972 586 2047 liceat,
619 1971 802 2035 Terentium
831 1977 867 2036 ut
898 1979 1030 2055 augeret
1059 1975 1176 2039 severis
1203 1975 1302 2041 luter-

163 2058 266 2121 mistis
288 2057 454 2120 sententiis
477 2058 539 2121 rim
563 2057 743 2121 comoediae
764 2057 932 2140 proverbia
952 2059 1107 2123 nonnulla
1120 2061 1301 2125 inseruisse.

163 2145 232 2222 Quo
254 2142 286 2205 iu
310 2162 443 2206 numero
465 2149 540 2207 sunt
562 2142 615 2219 IV,
634 2147 662 2218 6¹,
675 2145 714 2206 23
743 2144 792 2205 Ta
812 2144 895 2225 quod
915 2145 1149 2226 eucarpensis,
1173 2146 1301 2209 stultam

165 2226 366 2300 admitterent,
391 2235 424 2290 et
441 2228 493 2304 IV,
507 2233 535 2305 6,
549 2234 588 2292 24
611 2227 703 2290 Malo
726 2249 779 2310 epo
801 2249 857 2290 noa
874 2228 1052 2312 prospicere
1072 2252 1166 2315 quom
1190 2231 1304 2316 (huuc)

166 2309 274 2410 alcisci
292 2320 419 2408 accepta
441 2313 579 2411 inierim
607 2313 734 2394 iamque
755 2312 817 2413 hou
836 2312 906 2377 loco
928 2313 1012 2378 addo
1034 2315 1088 2393 IV,
1112 2321 1140 2392 7,
1167 2320 1204 2380 19
1230 2317 1303 2379 Om-

167 2417 222 2459 ’Μ
240 2416 337 2558 tlt
354 2417 489 2545 ttttt
507 2418 732 2566 {illabili
745 2407 918 2548 ttttt
937 2400 1088 2549 litias
1103 2483 1303 2565 tasnatum,

167 2571 203 2630 ut
224 2565 264 2630 de
285 2585 342 2630 suo
364 2565 524 2633 addiderit
548 2586 630 2650 quae
652 2567 757 2644 Thais,
781 2568 885 2640 miles,
910 2567 1060 2633 Chremes
1080 2569 1164 2635 inter
1185 2591 1219 2634 se
1241 2570 1304 2634 col·

165 2651 356 2733 loquuntur3
379 2672 574 2734 quamquam
588 2673 650 2716 uon
667 2652 800 2717 dixerim
815 2654 918 2737 ipsum
942 2674 1014 2717 eum
1038 2654 1116 2719 heeo
1137 2657 1304 2735 iuvenisse,

166 2737 219 2800 sed
242 2736 348 2800 nescio
371 2739 461 2801 euius
483 2756 637 2820 personae
659 2744 766 2821 partes
794 2738 1031 2822 sententiasque
1063 2740 1205 2823 quolibet
1235 2741 1305 2807 loco

166 2827 254 2885 actas
276 2819 326 2883 hie
349 2841 419 2884 eum
443 2823 613 2887 inseruisse
634 2822 830 2906 putaverim
864 2829 949 2888 certe
971 2825 1075 2907 qualis
1097 2825 1189 2890 adest
1210 2846 1305 2892 scena

166 2927 186 2970 a
207 2904 356 2969 Terentio
378 2908 563 2988 composita.
606 2906 753 2971 Getarum
777 2907 816 2971 de
840 2908 899 2972 hac
920 2928 1016 2973 scena
1037 2909 1121 2974 idem
1137 2911 1203 2976 t'ere
1221 2912 1307 2978 valet

167 2990 252 3072 quod
275 3010 372 3073 supra
394 2990 468 3067 (ΙΙΙ,
486 2995 518 3071 2)
541 2991 771 3055 adnotavimus.
809 2992 854 3056 Ut
866 2995 976 3076 paucis
992 2995 1118 3077 singula
1132 2996 1304 3074 videamus,

168 3076 288 3156 priores
319 3080 359 3140 20
389 3095 499 3139 versus
521 3095 538 3138 e
562 3074 675 3139 Colace
705 3076 871 3139 transtulit
900 3085 996 3163 poeta
1023 3080 1235 3165 interpositis,
1269 3086 1306 3147 ut

168 3158 323 3223 rariorem
345 3160 494 3225 redderet
516 3161 706 3238 orationem,
739 3162 849 3243 paneis
877 3183 896 3226 a
918 3164 1041 3231 Thaide
1061 3165 1163 3230 dietis.
1208 3167 1305 3233 Recte

168 3242 334 3307 adnotavit
356 3246 489 3328 Benley,
524 3246 556 3310 in
585 3266 638 3319 ea,
671 3267 767 3329 quam
791 3246 956 3313 Terentius
978 3258 1165 3333 sequeretur
1185 3251 1304 3332 fabula,

166 3326 230 3393 nbn
248 3327 403 3410 Pyrrhum
420 3331 474 3394 sed
491 3331 707 3395 Alexandrum
722 3333 834 3407 luisse;
857 3332 1032 3399 Menandro
1048 3337 1130 3399 enim
1147 3337 1305 3420 Pyrrhum

167 3414 281 3479 afferre
311 3434 373 3477 uon
402 3414 544 3491 licuisse,
577 3418 651 3499 quia
679 3418 707 3480 is
728 3423 801 3500 post
822 3418 1032 3483 Menandrum
1056 3420 1195 3500 gloriam·
1210 3444 1305 3507 pepe·

168 3501 280 3574 risset;
318 3501 515 3582 suppositum
538 3522 609 3565 eum
633 3522 702 3566 esse
723 3523 742 3566 a
764 3502 912 3566 Terentio
934 3525 1005 3567 cunr
1028 3504 1180 3571 Romanis
1200 3509 1306 3573 notior

168 3591 259 3647 esset.
305 3584 384 3647 Inde
405 3604 425 3648 a
446 3605 474 3648 r.
491 3589 541 3650 20.
565 3585 757 3670 colloquium
769 3586 941 3651 Thrasonis
958 3587 1197 3675 Chremetiaqne
1213 3593 1304 3658 Pam·

168 3667 286 3814 philetam
316 3688 405 3733 suam
435 3690 574 3735 sororem
606 3672 768 3755 civemque
796 3672 989 3737 vindicantis
1011 3693 1030 3737 a
1051 3674 1199 3742 Terentio
1220 3698 1304 3744 conr·

168 3771 237 3834 posr
253 3773 315 3817 um.

233 3896 262 3977 θ’)
299 3898 448 3955 Grauertus
461 3900 513 3956 hoc
525 3901 658 3959 rusticum
674 3902 710 3957 ad
727 3901 896 3958 domicilium
914 3905 1053 3974 pertinere
1069 3907 1130 3961 vult
1147 3926 1233 3978 eoque
1250 3911 1305 3966 dis-

169 3971 271 4019 sentrre
289 3973 368 4036 putat
378 3971 536 4026 Terentium
551 3973 794 4042 Menandrumque,
814 3975 886 4042 quod
898 3974 1050 4029 Menander
1068 3979 1216 4046 agricolam
1234 3998 1304 4050 eum,

168 4038 324 4118 Terentius,
350 4056 513 4120 quamquam
535 4061 616 4113 egros
634 4043 711 4098 Sunii
734 4044 868 4110 haberet,
891 4049 983 4099 tamen
1005 4045 1166 4118 plerumque
1182 4049 1218 4122 lin
1236 4052 1305 4105 urhe

167 4108 250 4161 fuisse
267 4109 416 4164 describat.
