2930 4658
692 261 728 322 19

138 450 227 524 quae'
241 462 273 524 p.
297 444 359 505 602
381 440 566 519 afferuntur,
601 463 640 506 ex
661 442 701 507 iis
722 441 803 507 effici
824 442 902 509 mihi
923 445 1049 511 ridetur
1064 445 1272 513 Ritsehelium

138 525 179 590 ab
201 525 266 590 alio
287 526 464 609 profectum
485 546 554 590 esse
576 527 696 591 exitum
717 535 842 612 putare.

225 614 328 694 Atque
349 609 426 675 mihi
448 611 575 694 quidem
598 610 746 678 Terentio
768 611 971 695 abrogandae
997 634 1065 680 esse
1094 615 1201 680 exitus
1228 618 1272 682 ri·

137 694 250 773 detur,
286 694 402 777 aliique
435 695 630 760 tribuendus.
682 697 743 763 Hie
771 698 854 762 alins
882 698 1011 781 quidam
1033 719 1091 763 eur
1112 699 1274 767 addiderit

136 779 224 843 huno
255 780 389 844 alterum
419 782 554 856 exitum,
588 780 680 844 facile
708 783 884 866 intellegas.
935 781 1116 848 Terentium
1139 784 1272 851 Charini

136 870 258 946 partes,
289 885 351 948 quo
372 866 502 948 propius
523 865 563 929 ad
586 865 680 930 finem
703 867 830 932 fabulae
851 868 1017 951 perueniat
1037 890 1074 933 eo
1095 872 1196 952 magis
1217 892 1273 936 ne·

138 949 259 1032 glegere
281 952 413 1032 eiusque
435 953 476 1015 ad
499 951 594 1014 finem
618 952 667 1015 vlr
692 953 756 1016 iam
778 952 970 1016 mentionem
993 953 1097 1018 faeere
1126 965 1272 1039 apparet

137 1032 379 1100 Consideremus
399 1036 426 1099 si
448 1034 552 1119 placat
572 1036 706 1118 singula.
751 1038 792 1115 ll,
818 1042 830 1100 l
857 1045 890 1102 et
911 1039 929 1100 2
952 1037 1075 1123 aliquid
1097 1050 1183 1104 certe
1203 1043 1273 1125 agit

135 1115 294 1185 Charinus
316 1140 508 1202 quamquam
530 1121 594 1184 iam
618 1121 668 1184 hio
688 1122 722 1185 id
745 1123 882 1185 maxime
905 1122 934 1185 ei
955 1142 1051 1186 aurae
1071 1132 1120 1188 est
1142 1133 1179 1188 nt
1200 1146 1271 1191 sen·

133 1206 254 1269 tentiae
269 1203 392 1282 afferat,
414 1212 577 1287 queretur,
599 1205 783 1270 conclamet.
807 1207 860 1285 lV,
885 1211 900 1272 l
922 1227 962 1271 ea
983 1208 1022 1272 de
1044 1228 1141 1272 eausa
1163 1209 1272 1294 dispu-

134 1294 206 1352 tare
228 1292 441 1374 possimusque
465 1311 532 1355 esse
555 1291 716 1355 hominum
739 1291 1053 1357 animoslamentari
1074 1313 1146 1357 eum
1172 1315 1272 1379 appa·

134 1383 200 1452 ret,
235 1386 271 1439 ut
297 1379 435 1458 spatium
464 1383 626 1459 ¹comparet
650 1375 735 1440 Davo
765 1397 829 1459 qua
851 1396 964 1439 novum
987 1378 1130 1441 inveniat
1152 1378 1271 1447 dolum.

133 1457 222 1524 Nihil
245 1482 347 1545 neque
370 1461 403 1523 in
426 1461 486 1524 han
509 1481 609 1542 neque
631 1461 810 1544 insequenti
832 1481 926 1524 scena
948 1461 988 1526 ad
1011 1462 1113 1544 ipsum
1141 1463 1271 1532 tabulae

134 1551 357 1625 argumentum
379 1544 481 1609 affert.
529 1546 594 1609 lam
618 1546 654 1621 V,
675 1551 695 1610 5
718 1554 751 1609 et
772 1551 790 1610 6
820 1547 947 1610 omnino
978 1546 1023 1610 nil
1051 1547 1204 1615 tribuitur
1230 1552 1270 1630 ei,

133 1632 194 1694 nisi
222 1640 259 1695 ut
286 1652 340 1695 eos
367 1631 423 1713 qui
452 1639 552 1712 agunt
579 1639 636 1693 aut
658 1651 762 1694 seeum
792 1630 957 1715 loquentes
979 1639 1036 1695 ant
1056 1633 1271 1716 disceptantes

131 1718 349 1799 interrumpet
371 1716 479 1797 paneis
501 1715 604 1781 verbis
625 1720 723 1798 atque
744 1718 930 1780 serietatem
954 1717 1114 1797 quandam
1143 1717 1269 1787 afferat.

133 1805 191 1868 hd.
210 1800 304 1866 finem
333 1800 448 1864 deinde
481 1799 607 1863 fabulae
637 1801 681 1863 nil
714 1800 743 1863 ei
770 1800 926 1879 contingit
948 1802 1062 1883 uixque
1085 1801 1270 1886 Pamphilus

133 1887 279 1974 precihus
308 1886 376 1949 eius
404 1885 589 1968 respondet,
624 1904 725 1967 neque
754 1884 787 1948 id
816 1884 925 1948 fabula
944 1886 1125 1969 assequitur
1145 1908 1209 1972 qua
1228 1891 1269 1955 ds

25 2002 26 2005 ¹
133 1993 230 2038 nausa
244 1971 372 2036 tabulae
388 1969 516 2033 additus
531 1971 580 2047 eit,
604 1979 640 2047 ut
664 1969 882 2035 Philumenam
906 1990 1036 2035 uxorem
1059 1970 1164 2036 dnoat.
1199 1976 1270 2053 Qua

131 2060 164 2124 in
194 2079 229 2122 re
259 2054 474 2144 neglegentiae
501 2054 611 2119 lenisse
634 2055 816 2119 Terentium
845 2060 981 2138 apparet
1008 2063 1040 2122 et
1067 2055 1272 2124 desideretur

131 2142 291 2227 Pamphili
318 2160 504 2222 responsum
534 2161 596 2222 qno
625 2160 658 2203 aa
687 2159 805 2203 morem
827 2151 989 2218 gesturum
1012 2137 1150 2206 Charino
1171 2145 1267 2227 polli-

132 2236 251 2293 oeatur.
297 2230 399 2308 Atque
422 2236 593 2288 excusatur
615 2245 652 2290 ea
674 2225 814 2289 Terentii
837 2224 1038 2307 neglegentia
1059 2246 1204 2310 quaeque
1228 2231 1270 2295 sit

132 2316 201 2378 eins
230 2331 325 2375 eausa
353 2310 528 2374 adnotatur
550 2330 569 2372 a
593 2309 763 2387 scholiasta
791 2308 832 2372 ad
857 2310 891 2384 V,
915 2312 944 2385 6,
968 2313 1005 2373 13
1027 2310 1182 2393 (Nuptias
1205 2334 1268 2379 aaa

131 2408 279 2483 utrumne
298 2396 330 2459 in
351 2416 473 2458 scenam
492 2394 649 2477 protulit),
671 2396 726 2457 aad
748 2393 837 2457 alind
852 2393 886 2456 in
897 2396 1078 2475 prossoeue‘o
1092 2396 1263 2480 aliadpost

132 2505 254 2547 menam
275 2482 389 2554 retulit,
412 2501 451 2542 ne
472 2478 617 2542 retineto
638 2479 758 2560 lonqior
774 2479 866 2558 fieret
886 2477 934 2541 vel
953 2477 987 2540 in
1008 2481 1114 2544 eadem
1130 2494 1267 2565 propter

131 2591 236 2633 rerum
269 2565 505 2631 similitudinem
538 2575 726 2646 soporentur.
784 2562 1023 2642 Quodammodo
1054 2568 1149 2630 etiarn
1183 2589 1267 2650 quae

128 2661 304 2738 sequuntur
332 2650 522 2716 mholiaetae
554 2649 776 2717 adnotationes
806 2648 848 2712 ed
881 2647 964 2713 hano
995 2668 1063 2713 rem
1092 2652 1265 2734 pertinent,

127 2748 212 2806 certe
235 2738 333 2803 verba
354 2755 436 2818 qnae
457 2742 551 2801 sunt:
578 2733 659 2803 Quia
682 2734 863 2798 nomadum
882 2732 1012 2815 diqaam
1034 2756 1096 2798 non
1117 2741 1266 2820 estquod

131 2825 290 2889 Charinus
312 2830 413 2902 roqat.
458 2820 657 2902 Quamquam
681 2820 759 2883 haeo
781 2839 842 2893 res,
864 2839 961 2901 quum
983 2827 1050 2882 tam
1071 2822 1189 2885 misera
1210 2821 1266 2888 fle·

125 2911 262 2993 hilisque
290 2908 333 2972 eit
362 2904 491 2969 Charini
520 2925 669 2987 persona,
706 2926 768 2969 non
802 2903 1002 2967 desideratur
1033 2911 1091 2968 aut
1122 2905 1263 2973 offendit.

129 2998 279 3060 Attamen
300 3011 397 3076 quum
420 2988 454 3052 id
476 2988 560 3070 qnod
577 2989 717 3053 Charino
732 2987 936 3053 tribuendum
955 2993 1046 3065 esset,
1069 3011 1130 3053 non
1152 2992 1263 3059 adesse

127 3079 163 3142 iu
184 3079 294 3142 fabula
313 3075 505 3141 Terentiana
526 3074 625 3157 aliqui
647 3074 695 3137 vir
717 3074 828 3138 doetus
850 3072 928 3148 sive,
950 3092 1049 3154 quum
1072 3081 1183 3158 postea
1204 3080 1263 3144 ite·

126 3185 199 3228 rum
223 3164 397 3245 iterumque
426 3168 575 3242 ageretur
596 3159 732 3227 Andria,
767 3158 912 3240 princepe
940 3156 1130 3224 histrionum
1158 3165 1263 3247 gregis

129 3247 176 3313 rel
201 3253 296 3330 poeta
317 3247 461 3327 quidam,
497 3245 548 3306 oui
571 3254 665 3306 antea
687 3241 881 3325 inspicienda
902 3247 996 3306 erant
1020 3241 1146 3319 fabulae
1167 3268 1262 3332 agen·

127 3334 204 3410 dae,
227 3331 386 3404 sensisset,
407 3329 530 3393 addidit
552 3329 679 3411 nuptias
701 3349 783 3410 quae
804 3326 943 3392 Charino
965 3325 1170 3396 debebantur.

211 3417 323 3500 Neque
344 3415 423 3478 adeo
443 3413 586 3496 equidem
610 3414 790 3494 negaverim
811 3433 898 3489 eum,
930 3432 1013 3475 oum
1029 3412 1110 3480 hano
1131 3437 1260 3489 soonam

128 3503 272 3579 adderet,
302 3500 476 3583 inspexisse
496 3499 649 3563 Graecam
673 3498 866 3565 Perinthiam
897 3501 993 3579 atque
1024 3499 1064 3563 ab
1091 3521 1132 3564 aa
1158 3509 1259 3569 totam

129 3607 252 3653 sennam
274 3585 435 3669 repetisse.
481 3584 517 3648 In
540 3584 702 3647 Perinthia
724 3581 824 3653 enim,
858 3581 993 3645 eumad
1018 3585 1168 3651 Andriam
1191 3589 1260 3654 Me·

129 3673 248 3736 nander
270 3671 350 3735 nihil
373 3671 432 3733 nisi
455 3668 585 3733 Charini
607 3675 715 3750 partae
738 3667 886 3743 adderet,
909 3666 983 3730 talio
1004 3670 1116 3747 exitus,
1138 3673 1172 3737 in
1195 3694 1259 3756 quo

128 3754 223 3819 etiarn
246 3756 385 3821 Charino
408 3757 538 3839 nuptiae
567 3753 771 3833 contingunt,
801 3754 876 3833 quin
907 3748 1003 3816 inerit
1035 3776 1098 3819 non
1126 3757 1257 3822 dubium

126 3838 207 3904 mihi
227 3841 358 3905 videtur.
402 3840 502 3919 Quam
525 3837 655 3902 adrem
678 3839 836 3920 pertinere
859 3844 935 3918 puto
957 3837 1052 3901 etiam
1069 3843 1153 3922 quod
1168 3842 1258 3907 soho·
1343 3845 1350 3855 “

125 3925 222 3990 liasta
245 3926 283 3989 ad
304 3926 346 4003 11,
371 3931 385 3988 1
410 3925 560 3989 adnotat:
585 3924 658 3986 Hos
675 3941 826 4005 porram
847 3921 1007 3985 Terentiae
1019 3925 1144 3988 eodm
1162 3925 1256 4004 fadu-

122 4011 174 4074 lae
196 4032 235 4072 ae
254 4005 484 4094 τραγικώτερον
501 4009 593 4090 fieret
608 4008 826 4072 Philumenam
841 4015 976 4089 spretam
998 4008 1170 4092 relinquere
1190 4011 1256 4075 sine

121 4116 253 4180 sponso,
283 4095 450 4177 Pamphilo
479 4094 576 4157 aliam
598 4095 735 4157 ducents.
792 4091 862 4169 Qua
883 4091 1090 4161 adnotatione
1110 4097 1191 4163 satis
1212 4095 1257 4159 ef·

989 4211 1028 4263 2*
