2930 4658
755 281 775 342 ’1

278 463 340 528 Sed
356 463 396 527 de
413 464 511 548 ipsius
528 464 708 545 argumenti
724 464 848 527 ratione
863 463 1026 530 videamus
1039 465 1139 545 infra
1161 466 1333 550 perlustre-

194 569 265 613 mus
288 548 351 611 iam
375 549 567 612 testimonia.
611 547 699 612 Nihil
721 548 849 629 gravius
871 556 1031 613 mutatum
1052 550 1231 615 affirmatur
1252 557 1332 616 teste

111 694 116 703 ,
195 633 322 697 Donato
350 635 389 697 ad
416 634 539 717 prologi
562 654 590 696 v.
614 637 662 697 10.
686 633 884 708 ιιάιιοιιιιιιθς
909 634 1022 697 Prima
1043 657 1134 699 sceno
1152 635 1335 699 Perinthiae

189 736 293 801 paene
313 717 409 781 isdem
432 717 530 780 uerbis
551 716 661 801 quidne
686 716 811 780 Andria
833 719 929 802 (corr.
955 719 1113 801 Andriae)
1135 719 1329 802 scriptasit.

196 804 283 881 Quae
313 823 407 866 scena
436 823 507 867 eum
538 823 590 866 res
617 807 712 865 antea
733 808 839 883 gestas
865 809 897 867 et
919 802 960 866 ad
982 803 1213 887 intellegendas
1233 805 1333 887 ipsius

194 887 321 952 fabulae
342 889 484 952 rationes
507 887 702 951 necessarias
723 886 887 951 continere
908 886 1019 964 soleat,
1042 889 1068 951 si
1091 890 1176 952 inter
1193 888 1332 953 Andriae

195 979 227 1037 et
249 971 431 1036 Perinthiae
453 976 676 1054 argumentum
699 970 827 1052 gravius
849 971 1024 1055 quidquam
1045 972 1261 1049 interfuisset,
1291 994 1332 1036 ne

194 1056 267 1120 huic
298 1058 419 1140 primae
447 1056 574 1139 quidem
606 1076 719 1120 scenae
751 1055 863 1119 eadem
885 1076 968 1139 quae
989 1056 1130 1121 Andriae
1152 1057 1255 1122 inesse
1277 1077 1333 1141 po·

193 1142 292 1205 tuisse
314 1148 466 1224 apparet3
488 1140 655 1205 additare
678 1140 739 1203 levi
762 1140 902 1223 quadam
924 1161 965 1204 ue
984 1160 1055 1205 eam
1071 1141 1198 1225 quidem
1214 1142 1332 1207 mutari

194 1247 274 1308 opus
296 1225 365 1289 luit.
410 1225 558 1290 Ceterum
583 1224 722 1288 Andriae
744 1224 879 1289 Latinae
901 1227 1036 1309 primam
1058 1247 1187 1290 scenam
1210 1247 1249 1290 ex
1275 1227 1331 1290 Pe·

193 1309 315 1375 rinthia
337 1310 537 1375 transtulisse
558 1309 740 1373 Terentium
763 1307 858 1373 affert
880 1309 1024 1374 Donatus
1045 1310 1087 1374 ad
1110 1333 1136 1375 v.
1162 1316 1210 1375 13.
1234 1312 1333 1375 aduo-

195 1401 283 1459 tans:
311 1395 457 1458 Conscius
479 1394 540 1458 sibi
561 1404 605 1456 est
630 1394 791 1457 Terentius
808 1395 948 1475 primam
967 1415 1090 1466 scenam
1112 1396 1150 1460 de
1167 1395 1333 1459 Perinthia

194 1501 257 1542 csse
278 1480 463 1542 translatam
473 1506 485 1552 ,·
508 1478 562 1542 ndi
581 1499 673 1541 senen
694 1478 740 1541 ila
762 1500 831 1541 cnm
854 1499 950 1542 uam
971 1479 1107 1562 loquitar
1121 1488 1156 1542 at
1170 1482 1257 1561 apud
1275 1482 1333 1543 Te·

193 1562 327 1627 rentiam
350 1586 420 1627 cam
442 1563 572 1637 liberem·
598 1572 632 1626 at
653 1563 687 1625 in
709 1563 838 1626 Andria
860 1563 1037 1626 Menandri
1057 1563 1140 1628 solas
1161 1585 1253 1627 aenea
1275 1573 1331 1627 est.

194 1648 285 1727 Quod
308 1647 448 1712 scholion
472 1652 593 1711 utnon
616 1647 798 1724 sententiis,
833 1648 888 1713 sed
918 1647 1044 1711 dicendi
1066 1648 1170 1712 forme
1193 1649 1332 1713 Andriae

192 1739 226 1797 st
241 1733 423 1797 Perinthiae
439 1733 575 1816 primam
591 1753 717 1797 scenam
732 1733 817 1796 inter
837 1753 870 1796 se
893 1731 1102 1816 discrepuisse
1124 1732 1332 1810 demonstrat,

193 1818 240 1882 ita
255 1839 381 1898 gravem
404 1819 488 1881 inter
509 1817 594 1880 viros
615 1817 725 1881 doctos
749 1816 976 1882 dissensionem
999 1818 1177 1881 commorit.
1221 1817 1333 1882 lhuius

193 1904 332 1985 potuisse
355 1903 490 1984 primam
513 1922 639 1965 scenam
664 1901 846 1965 Perinthiae
868 1921 968 1984 paene
990 1901 1103 1965 iisdem
1125 1902 1228 1966 verbis
1257 1903 1333 1967 scri·

192 1992 281 2084 ptam
304 2007 371 2050 esse
386 1987 501 2069 quibus
519 1987 657 2066 Andriae
679 1993 783 2070 negat,
806 1985 957 2069 quoniam
979 1986 1010 2049 in
1034 1986 1094 2050 hac
1116 1986 1203 2050 solus
1225 2007 1332 2065 senex,

157 2090 160 2095 “
192 2092 225 2134 ιιι
248 2070 305 2135 illa
326 2092 423 2135 senex
445 2092 516 2135 cum
539 2092 637 2135 uxore
650 2069 810 2153 loquatur.
849 2070 918 2134 Hoc
931 2070 1107 2134 Grauertus
1122 2072 1169 2134 ita
1184 2072 1333 2155 expedire

192 2163 325 2220 conatus
347 2161 404 2229 est,
426 2162 463 2220 ιιι
485 2177 549 2220 ιιοιι
571 2162 672 2221 totam
687 2176 813 2219 scenam
828 2155 964 2238 primam
980 2174 1000 2218 a
1014 2153 1137 2219 Donato
1153 2155 1215 2219 diei
1231 2176 1332 2240 paene

192 2240 305 2305 iisdem
321 2240 423 2304 verbis
438 2241 589 2322 scriptam
604 2261 671 2305 esse
690 2241 723 2304 iu
744 2245 880 2321 utraque
895 2238 1014 2314 fabula,
1038 2240 1093 2303 sed
1118 2245 1241 2323 partem
1263 2243 1332 2305 eius

192 2325 411 2408 principalem,
432 2325 517 2390 senis
539 2325 579 2389 de
602 2324 787 2411 Pamphilae
809 2324 935 2388 vivendi
957 2324 1081 2388 ratione
1104 2326 1330 2402 narrationem,

193 2430 349 2473 summam
376 2410 475 2492 igitur
502 2411 600 2477 totius
629 2411 675 2475 rei
703 2408 837 2474 eandem
859 2428 927 2472 esse
948 2408 1044 2473 dicat.
1089 2409 1180 2486 Quod
1203 2412 1332 2474 omuino

193 2515 257 2558 ιιοιι
280 2495 395 2576 probat
416 2494 511 2570 Ihue,
543 2495 702 2559 Donatum
730 2493 914 2576 diligentem
935 2493 1027 2557 illum
1049 2493 1252 2558 scholiastam
1275 2495 1330 2577 qui

192 2584 259 2642 tam
289 2579 385 2645 anxia
414 2599 491 2643 cura
521 2580 629 2663 paullo
651 2585 723 2662 post
748 2583 783 2642 ll
808 2584 841 2641 et
862 2580 904 2641 20
925 2598 1033 2642 versus
1062 2586 1226 2657 numeret,
1262 2586 1330 2644 tem

191 2664 311 2727 incerte
332 2663 577 2728 dicturum‘non
592 2664 689 2728 fnisse
704 2669 746 2741 et,
768 2662 794 2725 si
809 2661 981 2726 scholiasta
997 2662 1179 2727 Perinthiae
1193 2663 1330 2746 primam

191 2769 318 2812 scenam
340 2748 508 2829 diligenter
530 2749 724 2832 perlegisset,
746 2746 886 2811 visurum
909 2768 980 2811 eum
1002 2753 1092 2812 ratus
1112 2768 1174 2812 non
1190 2749 1330 2832 potuisse

190 2833 223 2897 in
246 2832 411 2897 Perinthia
434 2853 542 2896 senem
564 2836 610 2898 ita
632 2853 702 2897 eum
726 2853 825 2896 uxore
847 2833 949 2915 loqui,
978 2839 1015 2895 ut
1034 2832 1121 2915 apud
1144 2831 1328 2899 Terentium

190 2938 262 2980 oum
284 2917 415 2994 liberto;
452 2938 526 2981 nam
557 2918 725 2999 colloqium
753 2937 853 2998 usqne
875 2916 914 2980 ad
938 2939 966 2978 v.
991 2921 1039 2980 20.
1065 2917 1189 2980 nonnisi
1210 2918 1329 2982 domini

190 3002 359 3084 libertique
381 3022 448 3065 esse
470 3023 571 3084 posse,
593 3009 698 3066 cetera
713 3008 820 3065 autem
836 3021 917 3083 quae
933 3001 1024 3066 Sosia
1044 3001 1129 3065 inter
1150 3001 1234 3064 senis
1256 3021 1329 3065 nar·

190 3088 347 3150 rationem
366 3087 550 3170 interponat
572 3106 732 3171 perpauca
753 3105 821 3149 esse
843 3091 875 3149 et
896 3088 943 3163 ita
971 3091 1172 3168 comparata,
1204 3091 1240 3149 ut
1268 3088 1328 3152 etsi

192 3191 255 3234 non
286 3170 479 3235 abhorreant
508 3192 528 3236 a
556 3170 699 3236 mulieris
727 3171 871 3234 oratione
899 3174 1006 3233 tamen
1035 3170 1135 3233 multo
1161 3170 1273 3234 melius
1295 3172 1327 3235 iu

191 3274 316 3319 servum
338 3257 536 3320 conveniant.
580 3255 642 3321 Sed
664 3260 722 3319 aut
743 3254 933 3319 Grauertum
964 3260 1050 3319 recte
1079 3254 1238 3338 explicare
1271 3263 1329 3321 aut

190 3339 224 3403 id
257 3339 451 3404 considerari
480 3341 649 3416 voluerim,
685 3361 747 3404 uon
779 3339 932 3404 adnotare
956 3339 1116 3403 Donatum
1144 3339 1200 3404 sed
1230 3342 1328 3424 magi-

190 3429 292 3488 strum
325 3424 481 3505 quendam
514 3426 652 3490 scribere
682 3446 745 3489 non
777 3431 844 3488 tem
877 3428 1025 3487 accurate
1058 3422 1326 3504 considerantem3

191 3515 276 3573 certe
298 3509 383 3590 quod
407 3507 448 3572 ad
470 3530 497 3572 v.
524 3515 571 3573 10.
595 3511 768 3574 adnotatur
789 3529 851 3571 non
875 3506 1049 3571 abeodem
1073 3508 1227 3591 scriptum
1249 3530 1326 3589 esse,

190 3614 210 3657 a
241 3614 304 3675 quo
336 3593 377 3667 ad
409 3615 437 3655 v.
462 3599 508 3657 13.
541 3593 725 3659 adnotatur.
791 3592 934 3656 Alterum
966 3591 1051 3674 quod
1085 3593 1209 3676 profert
1237 3594 1326 3672 Ihne,

189 3677 331 3761 ineptum
362 3697 429 3741 esse
459 3699 565 3742 senem
588 3681 635 3742 ita
656 3698 728 3741 cnm
750 3697 848 3741 uxore
870 3676 956 3758 loqui
979 3683 1015 3739 ut
1037 3677 1122 3760 apud
1144 3677 1325 3744 Terentium

190 3783 261 3826 oum
282 3762 412 3840 liberto,
443 3762 504 3827 hoc
532 3771 617 3827 reete
644 3782 716 3826 eum
737 3762 931 3825 intellexisse
952 3762 1139 3842 negaverim.
1183 3762 1325 3827 Itanon

190 3867 227 3912 eo
250 3855 344 3909 sensu
366 3848 518 3930 positum,
541 3855 578 3911 ιιι
600 3848 642 3911 sit
663 3847 705 3908 In
727 3846 883 3909 derseiben
904 3845 1008 3921 conse,
1030 3867 1133 3926 penca
1154 3866 1198 3921 ao,
1223 3867 1326 3929 neque

190 3929 231 3995 ad
254 3931 409 3995 rationem
428 3932 595 3995 modumve
617 3929 768 4011 loquendi
788 3930 914 3994 ridetur
935 3931 1102 4014 pertinere,
1117 3929 1179 3992 'sed
1197 3948 1326 3996 sensum

178 4035 257 4079 esse
273 4021 350 4098 puto
365 4034 446 4091 eum,
468 4036 575 4079 senem
597 4036 658 4079 nou
681 4012 781 4077 solum
804 4015 953 4092 locutum,
975 4014 1031 4078 sed
1045 4012 1236 4075 collocutum
1257 4034 1326 4079 esse

189 4120 262 4164 oum
284 4100 393 4182 aliquo
413 4099 556 4179 homine,
586 4105 619 4163 et
640 4096 846 4178 collocutum,
882 4106 922 4163 ιιι
940 4096 1026 4181 apud
1048 4095 1231 4158 Terentium
1253 4118 1327 4162 eum
