2930 4658
714 305 753 366 25

170 492 308 558 maxime
330 488 518 570 pertinentis
538 493 660 570 partem
691 510 708 554 e
736 488 849 555 Colace
877 495 1036 573 sumptam
1064 478 1131 555 esse
1159 489 1300 572 disputat

170 596 305 659 cumque
336 573 477 637 Eunuchi
507 593 596 638 servo
621 575 669 639 ita
699 575 915 650 coniunctam,
951 584 988 639 ut
1020 596 1101 639 unua
1132 573 1300 639 exstiterit.

171 665 239 727 Iam
255 659 376 725 etiamsi
391 659 424 723 in
442 658 608 723 Menandri
628 659 741 724 Colace
757 660 890 725 alterum
914 665 1086 723 amatorem
1109 659 1206 725 luisse
1226 679 1300 723 con·

171 748 265 813 cedas
287 744 383 827 (quod
415 750 451 806 ut
477 750 569 826 putes
590 745 681 809 nulla
702 765 736 808 re
759 744 956 823 adducaris),
988 743 1047 808 hae
1077 751 1185 828 partes
1212 744 1300 809 nullo

172 833 264 897 modo
281 829 455 893 Phaedriae
471 828 566 891 tribui
583 836 728 912 possunt:
751 836 847 913 atque
862 835 899 892 ut
920 829 978 894 boo
1000 831 1154 901 omittam,
1176 848 1300 894 servum

172 916 376 982 Parmenonis
397 912 491 976 modo
513 913 751 978 callidissimum
771 919 804 978 et
819 915 1069 979 verbosissimum
1086 917 1117 978 iu
1133 913 1310 980 Menandri·

172 1004 284 1068 Colace
300 998 397 1063 fuisse
413 1019 474 1061 nou
491 998 575 1075 licet,
596 1001 680 1081 quia,
703 999 728 1062 si
753 1001 864 1076 inerat,
887 999 1010 1080 longior
1025 1000 1188 1067 Menandri
1212 1017 1301 1065 more

169 1094 201 1154 et
232 1084 388 1151 difficilior
419 1088 490 1147 erat
520 1082 638 1148 fabula.
688 1084 748 1149 Sed
773 1085 999 1149 Parmenonem
1020 1091 1120 1149 totum
1148 1104 1215 1148 ease
1238 1084 1300 1149 Eu-

169 1172 266 1237 nuchi
288 1174 430 1252 apparet.
474 1169 562 1246 Quae
583 1170 625 1247 11,
648 1174 666 1232 2
688 1170 875 1253 interposita
896 1170 1046 1250 leguntur
1066 1168 1301 1235 iuteanatho-

170 1255 429 1331 miserationem,
462 1253 644 1318 Terentium
673 1254 831 1318 addidisse
858 1263 936 1339 puto
959 1261 1014 1318 aut
1037 1254 1075 1318 de
1098 1276 1153 1318 suo
1176 1260 1233 1318 aut
1254 1275 1301 1319 re-

170 1343 333 1408 cordatum
357 1338 560 1422 exqualibet
581 1339 689 1404 fabula
711 1339 848 1411 Graeca,
881 1347 917 1402 ut
944 1339 1160 1404 iucundiorem
1189 1347 1221 1404 et
1247 1360 1302 1404 ua·

171 1430 283 1492 riorem
307 1424 455 1488 redderet
476 1424 659 1489 orationem.
705 1425 794 1502 Quod
817 1425 863 1488 ita
885 1444 952 1488 esse
975 1425 1065 1489 testis
1087 1431 1135 1490 est
1158 1425 1302 1490 Donatus

170 1515 211 1578 ad
233 1512 272 1586 ΙΙ,
299 1516 326 1586 21
349 1513 389 1572 24
410 1509 584 1573 adnotansc
614 1510 701 1593 Mire
726 1510 886 1573 Terentiae
908 1509 1017 1590 loaqae
1044 1509 1180 1573 orationi
1206 1509 1299 1573 inter·

169 1597 273 1682 loquio
295 1595 446 1679 quaedam
470 1593 648 1657 adhibetur
668 1594 834 1674 fastidiam
856 1594 1051 1677 prolixitatis
1078 1596 1174 1658 enitet.
1221 1594 1303 1658 celui

168 1683 420 1747 aaaoParmeno
439 1679 550 1760 procel
570 1679 699 1743 audiens
712 1679 906 1743 Gnathonem
930 1681 1005 1742 boec
1026 1680 1170 1762 loquitur.
1219 1680 1302 1745 Ean·

169 1769 240 1833 dem
269 1785 398 1829 causam
425 1783 492 1827 esee
515 1784 622 1828 eorum
644 1774 721 1849 puto
744 1785 825 1848 quae
848 1764 1001 1829 Parmeno
1029 1764 1168 1847 loquitur
1190 1765 1248 1842 ΙΙΙ,
1274 1770 1300 1828 l.

172 1854 217 1915 De
232 1872 293 1934 quo
310 1849 447 1914 Terentii
468 1842 573 1912 studio
593 1850 675 1913 infra
691 1849 932 1932 disputabimus.
967 1848 1075 1933 Neque
1090 1849 1300 1914 dubitandum

170 1944 262 2021 puto,
286 1935 312 1998 ai
335 1934 429 1997 talem
453 1946 620 2017 personam
644 1955 661 1998 e
684 1935 797 2000 Colace
821 1932 1052 2004 transtulisset.
1075 1936 1150 2016 quin
1174 1935 1205 1998 in
1229 1954 1303 2018 pro·

168 2025 239 2105 logo
262 2027 564 2083 commemoraturus
586 2019 683 2084 fuerit
702 2020 877 2085 Terentius.
920 2019 1030 2101 Neque
1052 2018 1224 2103 quidquam
1248 2039 1302 2083 va·

167 2110 232 2172 lere
255 2114 332 2189 puto
353 2125 423 2167 eum
446 2105 634 2187 praeterisse
656 2106 687 2167 in
711 2104 841 2188 prologo
863 2105 1001 2185 Sangam
1025 2104 1184 2169 bominem
1210 2104 1301 2168 illum

168 2211 327 2276 perpauca
349 2190 503 2253 dicentem
527 2196 736 2272 egentemque
758 2210 860 2273 neque
883 2189 923 2252 ad
947 2189 1045 2271 ipsam
1069 2188 1210 2253 fabulam
1232 2210 1302 2272 per-

170 2278 333 2340 tinentem.
376 2274 470 2338 Certe
491 2294 530 2337 ex
553 2295 604 2348 eo,
637 2276 720 2356 quod
749 2275 907 2338 servulum
933 2294 996 2337 non
1018 2274 1238 2352 nominaverit,
1258 2273 1302 2339 el·

173 2360 224 2425 fici
246 2380 308 2422 non
332 2359 406 2423 licet
428 2380 499 2423 eum
523 2359 618 2422 etiam
642 2360 722 2423 alias
744 2361 886 2424 omisisse
907 2378 1069 2441 personas.

256 2444 314 2507 His
336 2444 512 2508 rationibus
533 2444 665 2508 refutari
688 2444 812 2509 videtur
834 2445 928 2508 etiam
953 2443 983 2506 id
1007 2443 1091 2526 quod
1115 2443 1224 2508 Ihniuc
1246 2444 1303 2508 ad·

171 2531 230 2600 dit,
254 2529 314 2595 nisi
338 2527 395 2605 ΙΙΙ,
422 2535 434 2592 l
460 2550 569 2593 servus
589 2529 620 2591 in
644 2527 757 2593 Colace
779 2529 906 2605 fuisset,
939 2549 995 2593 cur
1016 2549 1086 2594 eum
1110 2549 1174 2593 uon
1196 2548 1300 2604 ueces-

168 2616 286 2678 sarium
310 2635 350 2676 ex
368 2613 519 2678 Eunucho
534 2614 715 2677 Terentiam
740 2614 885 2678 ascivisse
907 2617 999 2697 putes
1023 2615 1208 2697 praesertim
1229 2633 1301 2678 cnm

167 2699 316 2766 brevitati
338 2700 529 2765 studendum
551 2698 656 2763 esset?
699 2701 740 2762 tt
767 2701 842 2782 qaid
874 2700 952 2763 haee
978 2705 1042 2763 tam
1072 2719 1175 2783 pauca
1203 2699 1301 2764 verba

169 2785 208 2848 ad
233 2783 442 2848 brevitatem?
890 2780 897 2795 “
1097 2798 1103 2809 ’

254 2867 376 2932 Deinde
397 2867 559 2931 contendit
580 2867 698 2944 Ihnius
719 2870 894 2951 parasitum
917 2868 950 2932 iu
967 2868 1134 2933 Menandri
1149 2867 1301 2934 Eunucho

169 2955 265 3018 luisse
288 2953 368 3016 nuMi
398 2952 588 3016 dubitationi
617 2973 685 3017 esse
713 2953 893 3018 obnoxium.
948 2953 1014 3016 Hoc
1046 2972 1102 3016 cur
1133 2953 1301 3032 existimet,

173 3059 283 3102 causae
307 3037 385 3101 nibil
409 3035 518 3111 affert;
554 3040 719 3119 excogitat,
743 3046 779 3103 ut
800 3037 971 3101 'Pbrascnis
992 3037 1232 3120 Gnathonisque
1253 3038 1303 3102 in-

174 3121 361 3202 terloqnium
386 3123 450 3198 111,
477 3127 491 3185 l
523 3121 765 3205 interpretetur,
802 3143 909 3186 versus
938 3122 1011 3186 inde
1041 3142 1061 3185 a
1083 3128 1132 3187 44.
1157 3121 1302 3189 Eunuchi

175 3204 338 3268 Menandri
359 3228 426 3270 esse
447 3212 546 3270 ratus.
591 3207 651 3271 Sed
674 3209 701 3270 si
724 3215 886 3291 putemus,
920 3205 977 3270 has
1005 3228 1155 3291 personas
1181 3209 1213 3271 in
1237 3208 1303 3273 Mc·

172 3290 287 3353 mandri
310 3290 461 3355 Eunucho
483 3291 578 3356 luisse
602 3298 667 3356 tam
690 3314 801 3370 graves
829 3294 970 3374 adeoque
1001 3294 1042 3357 ad
1071 3294 1174 3377 ipsum
1203 3294 1302 3358 totius

170 3374 298 3438 fabulae
313 3395 428 3438 nexum
448 3378 650 3459 pertinentes,
673 3378 705 3441 id
728 3377 870 3451 efficitur,
893 3397 947 3440 eas
968 3378 1069 3441 multo
1090 3378 1184 3461 plura
1206 3399 1301 3462 quarn

170 3480 273 3544 panea
296 3459 374 3525 haec
397 3460 555 3526 locuturas
571 3461 676 3539 fuisse,
699 3464 813 3547 vixque
829 3461 1033 3543 intellegitur,
1055 3484 1111 3527 cur
1125 3463 1301 3538 Terentius,

170 3566 240 3608 cum
274 3545 353 3611 satis
385 3545 586 3611 verbosarum
616 3548 822 3631 graviumque
850 3567 1054 3632 personarum
1085 3549 1118 3611 in
1149 3547 1301 3612 Eunucho

172 3629 314 3703 haberet,
343 3629 513 3694 adsciverit
534 3632 688 3697 Colacem.
734 3633 842 3715 Neque
866 3652 937 3695 vero
961 3632 1194 3714 concedendum
1217 3632 1301 3697 vide·

172 3720 239 3789 tur,
272 3721 320 3778 tot
348 3721 517 3798 tantasque
545 3736 697 3799 personas
724 3718 755 3780 in
780 3739 845 3781 una
867 3716 977 3780 fabula
1001 3716 1148 3782 habuisse
1171 3718 1302 3783 Menan-

130 3852 136 3859 „
172 3799 263 3862 drum
285 3800 451 3883 obstatque
474 3807 507 3865 at
530 3801 596 3882 ipse
620 3802 784 3865 Terentius
806 3821 877 3865 cum
901 3801 992 3866 dicit:
1024 3804 1091 3866 Eae
1112 3823 1144 3865 ae
1166 3824 1227 3865 noa
1249 3824 1301 3866 ae-

168 3892 224 3964 qat
245 3886 438 3949 transtulisse
459 3908 475 3947 e
501 3885 629 3961 Colace,
663 3891 696 3950 et
720 3886 862 3950 Donatus
884 3907 955 3950 cum
978 3886 1126 3952 adnotat:
1161 3886 1303 3951 Parasiti

166 3990 319 4049 personae
341 3980 370 4032 et
391 3969 499 4032 militia
520 3972 559 4032 de
583 3971 693 4033 Colace
715 3971 886 4034 translatae
907 3982 989 4036 cant.

256 4054 398 4136 Denique
421 4054 619 4119 Chremetem
642 4064 675 4119 et
695 4056 730 4119 in
750 4056 903 4122 Eunucho
925 4064 958 4122 et
980 4057 1011 4120 iu
1035 4055 1148 4120 Colace
1171 4056 1300 4121 Menan-

169 4136 219 4200 dri
241 4138 337 4202 fuisse
360 4140 510 4221 opinatur
531 4138 651 4204 Ihnius.
694 4141 775 4205 Nam
798 4163 869 4205 curn
892 4138 1120 4227 explicandum
1136 4142 1193 4216 sit,
1224 4162 1301 4223 quo·
