2930 4658
536 1561 922 1675 Eunuchus.

248 1927 463 1992 Dissimillimo
486 1933 583 2008 atquo
607 1927 726 1991 Andria
748 1928 841 1991 modo
864 1927 1036 1992 Eunuchus
1057 1927 1168 1993 fabula
1194 1950 1215 1992 a
1237 1929 1295 1994 Te·

161 2013 265 2078 tentio
294 2013 419 2077 videtur
448 2017 598 2077 contexta
624 2013 821 2095 alteramque
842 2012 964 2110 profert
985 2013 1221 2079 contaminandi
1244 2035 1295 2079 ra·

160 2099 279 2162 ιιοιιιι
309 2099 386 2162 eius.
437 2099 540 2179 Atque
569 2119 661 2162 auum
688 2096 848 2180 quidem
840 2099 999 2193 rogerium
1022 2099 1122 2182 magis
1144 2119 1239 2180 quam
1261 2100 1293 2163 ιι

160 2185 275 2247 ιιιιιιι
304 2191 445 2247 mentum
474 2182 558 2279 hane
587 2203 658 2247 oum
692 2181 903 2266 composuisse
935 2180 1073 2247 fabulam
1107 2185 1293 2266 putaverim

162 2267 290 2350 Aliquid
319 2268 470 2332 interesse
499 2267 531 2330 in
534 2277 583 2332 tor
534 2268 717 2332 tharam
740 2267 875 2331 duarum
897 2266 1076 2331 fabularum
1099 2275 1173 2332 cont
1174 2269 1293 2333 amina-

163 2352 294 2417 tiones'
285 2373 349 2417 ram
372 2374 410 2415 ex
439 2352 538 2435 ipsius
560 2352 698 2416 Terent'
663 2357 700 2415 tn
729 2354 763 2415 in
793 2351 923 2434 prologo
953 2352 1055 2417 verbis
1084 2360 1219 2436 apparet
1247 2375 1294 2418 re·

163 2437 378 2502 nuntiantis
368 2460 401 2501 ιι
434 2436 569 2500 Andriae
598 2436 746 2518 prologo:
781 2436 868 2504 Quae
895 2459 1058 2500 conuenere
1078 2438 1112 2500 in
1134 2437 1293 2535 Andriam

162 2544 199 2587 se
222 2522 385 2587 Perinthia
406 2523 527 2600 fatetur
548 2522 741 2585 transtulisse
762 2531 853 2604 etque
875 2542 963 2585 usam
982 2543 1042 2603 pro
1062 2523 1144 2600 sais,
1175 2523 1208 2587 in
1231 2523 1294 2588 Eu·

160 2608 274 2681 uuohi:
308 2610 350 2672 In
377 2608 487 2672 Colace
508 2594 683 2670 Menandri
702 2617 747 2669 est
765 2606 878 2688 paraui
877 2616 926 2670 tus
877 2607 1041 2671 tcolaa
1067 2616 1096 2670 et
1122 2607 1209 2671 miles
1228 2608 1293 2689 plo·

159 2693 280 2770 riosus,·
318 2714 370 2755 aas
395 2715 427 2756 se
460 2713 521 2755 non
552 2700 661 2839 nouat
666 2712 816 2774 personas
838 2691 1086 2755 transtulissem
1109 2693 1294 2756 Eunuchum

160 2799 250 2844 snam
272 2800 309 2840 ea
328 2779 450 2840 Graeca
508 2775 622 2855 Quid'
613 2783 661 2840 snt
662 2780 782 2841 ιιιιιι
784 2777 920 2858 tmagis
948 2775 1159 2859 intellegatur,
1181 2776 1293 2841 affera-

160 2883 232 2927 mus
254 2862 349 2925 liceat
378 2882 459 2943 quae
487 2863 520 2925 in
544 2861 708 2962 Adelphos
736 2861 866 2960 prologo
896 2860 1007 2926 affort:
1037 2860 1119 2926 Eum
1147 2861 1214 2940 (acl.
1239 2861 1293 2925 Di-

161 2947 240 3028 phili
262 2946 404 3031 fabulae)
428 2946 526 3009 locum
541 2947 673 3029 sumpsit
661 2945 773 3009 tsihs'
759 2968 793 3008 ιιι
809 2944 985 3028 Adelphos,
1009 2946 1132 3009 nahum
1154 2947 1192 3009 ds
1204 2946 1293 3010 verbo

163 3051 337 3110 expressum
360 3031 479 3094 retulit
526 3032 560 3095 In
591 3030 729 3094 Andriae
757 3031 854 3126 igitur
882 3030 1049 3112 prologo
1040 3051 1073 3093 ιι
1102 3031 1293 3108 uniuersum

165 3132 247 3196 quae
261 3117 479 3181 convenissent
493 3136 526 3180 ae
465 3114 781 3191 ttranstulisse,
772 3136 805 3178 ru
823 3114 986 3198 Adelphos
1003 3115 1131 3180 uerbum
1148 3114 1187 3180 de
1198 3117 1293 3183 narbo

164 3217 346 3279 expressum
366 3210 419 3264 ext
406 3202 515 3265 tulisse
531 3199 647 3273 dieis·
638 3222 670 3263 ro
690 3198 832 3263 Eunuchi
846 3202 976 3297 prologo
998 3200 1038 3269 de
1059 3201 1202 3283 personis
1223 3207 1293 3265 tan

162 3288 231 3346 tum
255 3302 427 3348 sermonem
449 3286 535 3351 facit
580 3284 637 3349 His
660 3284 762 3350 verbis
784 3283 852 3348 id
845 3305 947 3349 messe
977 3285 1111 3349 noluisse
1136 3291 1214 3369 puto
1235 3286 1293 3351 Te-

160 3366 317 3444 rentium,
339 3374 455 3434 utnon
477 3377 543 3434 tarn
568 3370 663 3434 verba
684 3390 856 3453 coenasque
877 3390 972 3453 quam
994 3390 1145 3452 personas
1166 3377 1292 3436 tantum

23 3510 24 3517 ,
68 3524 69 3530 1
160 3472 335 3535 earumque
363 3457 534 3519 ιιιιιιιιιιι
563 3456 765 3520 transtulisse
787 3475 819 3519 se
841 3454 968 3519 diecret.
1013 3454 1102 3532 Quod
1126 3457 1232 3520 itaer
1257 3456 1292 3520 li·

161 3537 299 3603 candum
322 3558 390 3602 esse
413 3545 449 3603 ut
469 3542 550 3605 exist
552 3542 654 3616 imam,
677 3539 852 3604 adducor”
831 3560 871 3603 ns
885 3539 939 3620 qui
955 3547 1092 3621 sequent
1094 3560 1131 3603 ur
1079 3479 1292 3606 tuersihus

163 3626 212 3687 35.
227 3644 326 3706 usque
342 3623 383 3687 ad
397 3629 457 3700 41..
479 3626 594 3708 quihus
615 3588 766 3702 ddfendit,
789 3643 938 3722 personas
959 3644 1026 3689 rem
1048 3625 1194 3690 omuibus
1209 3646 1291 3690 oom-

66 3716 67 3719 ’
162 3727 287 3773 munem
309 3729 385 3773 esse.
428 3710 559 3859 Iamque
583 3708 713 3773 luscius
728 3709 888 3773 Lanuuius
909 3729 1034 3792 quoque
1056 3711 1161 3792 arguit
1148 3710 1292 3775 t'loren-

161 3791 240 3856 tium
270 3794 355 3876 quod
387 3795 521 3876 parasiti
551 3800 584 3858 at
570 3794 725 3858 tmilitis
747 3814 897 3891 personas
920 3793 1031 3858 Plauto
1054 3795 1179 3860 iuratus
1199 3800 1291 3874 esset,

160 3896 223 3941 non
243 3879 328 3960 quod
350 3900 462 3944 scenas
483 3885 540 3943 aut
561 3877 657 3943 uerba
677 3899 748 3942 oum
771 3879 839 3943 eius
860 3877 969 3943 fabula
991 3879 1221 3945 consentientia
1234 3879 1290 3944 ha·

158 3961 260 4039 heret3
281 3985 362 4046 quae
385 3965 412 4027 si
434 3963 609 4039 habuisset,
631 3969 715 4026 certe
738 3963 797 4028 hoc
818 3965 936 4027 crimen
959 3964 1059 4028 multo
1080 3963 1206 4045 granius
1227 3985 1289 4027 non

159 4046 292 4112 celasset
307 4049 519 4113 adversarius.
548 4047 746 4130 Quamquam
760 4048 848 4113 nullo
864 4049 957 4113 modo
972 4047 1191 4126 dubitandum,
1213 4049 1289 4130 quio

158 4133 191 4197 in
215 4134 442 4198 sententiarum
466 4153 549 4196 nexu
571 4137 667 4214 atque
689 4135 719 4197 in
743 4134 885 4198 oratioue
908 4134 985 4197 satis
1006 4131 1173 4196 Menandri
1202 4132 1289 4196 labu-
