2930 4658
689 223 729 286 32

228 405 265 469 ln
288 426 342 482 ea,
365 425 460 487 quam
483 405 705 471 constituimus
726 406 844 486 fabula,
865 408 969 472 locum
994 409 1114 474 habent
1135 406 1275 470 Terentii

142 489 168 566 Ι,
193 495 207 553 l
232 496 265 553 et
286 493 320 568 23
345 490 386 568 ΙΙ,
405 494 418 552 l
443 491 551 573 paucis
573 493 712 574 exceptis
734 493 884 570 versibus,
907 494 985 571 11‚3
1006 493 1117 577 paucis
1139 491 1275 569 additis;

143 573 251 649 111,a;
275 575 361 650 lino
384 575 437 655 (at
458 595 588 658 prorsus
609 576 703 641 aliter
725 578 909 658 instructa);
932 579 984 653 lv,
1002 578 1118 654 2-1V‚
1135 584 1170 653 43
1196 576 1230 653 V,
1245 582 1274 646 l:

143 660 212 738 V,2
237 659 305 742 (sed
318 667 471 737 mutata);
493 660 529 734 V,
539 664 630 724 3-6.
663 661 777 725 Cetera
791 671 848 726 aut
862 687 879 726 e
892 663 1007 727 Colace
1029 665 1196 743 desumpta
1219 667 1277 724 aut

143 764 163 809 a
184 743 330 809 Terentio
352 744 464 808 addita
485 745 613 808 indices.
656 745 715 810 Sed
742 747 903 811 videamus
925 751 989 812 iam
1012 747 1146 830 singula.

230 829 337 893 Prima
359 828 396 893 fit
417 830 536 897 mentio
559 830 669 893 militis
691 852 707 894 e
730 831 844 896 Colace
866 833 1025 916 desumpti
1042 834 1065 909 1,
1082 836 1110 908 2,
1127 836 1180 902 452
1204 837 1276 893 nar·

141 918 194 978 rat
222 913 333 992 Thais,
371 919 543 978 amatorem
577 914 709 979 militem
740 919 773 979 in
803 918 930 981 Cariam
960 918 1135 1001 proiectum
1163 916 1277 978 emisse

141 998 341 1082 Pamphilam
365 999 424 1064 sibi
447 1020 466 1062 a
488 999 620 1082 parvulo
639 1002 850 1076 coniunctam,
874 1010 910 1066 ut
925 1004 1007 1066 dono
1023 1003 1082 1066 sihi
1098 1001 1198 1077 daret,
1221 1001 1274 1063 sed

142 1084 207 1148 iam
230 1104 387 1149 reversum
412 1084 558 1147 dubitare
581 1106 650 1148 eam
672 1086 757 1149 dare.
791 1088 995 1151 Levissimum
1011 1088 1092 1150 hane
1108 1105 1275 1167 personam

142 1169 176 1232 in
200 1168 367 1233 Menandri
389 1168 542 1232 Eunucho
569 1169 666 1233 inisse
695 1181 844 1254 apparet,
881 1194 976 1254 quum
1010 1173 1048 1235 ad
1085 1190 1198 1233 nexum
1230 1171 1277 1232 ita

143 1260 269 1317 tantum
291 1255 467 1336 pertineat,
500 1261 536 1317 ut
559 1254 598 1317 ab
621 1275 658 1318 eo
682 1268 823 1320 amatore
846 1257 964 1320 donata
985 1258 1164 1320 adducatur
1187 1255 1276 1317 Pam-

96 1366 99 1372 ’
142 1337 240 1422 phile.
286 1339 390 1416 Quare
412 1337 497 1401 hunc
520 1339 558 1402 de
581 1339 680 1402 milite
703 1341 820 1409 locum.
849 1349 1002 1425 utquam
1024 1352 1134 1425 postea
1156 1341 1188 1402 in
1212 1360 1277 1402 sce-

142 1442 218 1487 nam
238 1424 449 1507 producturus
471 1429 519 1486 est
540 1422 691 1488 invidiam
714 1427 781 1488 eius
803 1428 954 1508 attingat,
977 1426 1119 1510 paullum
1142 1423 1275 1506 amplifi·

143 1528 232 1573 casse
254 1507 379 1572 videtur
401 1507 576 1572 Terentius.
614 1509 707 1572 Certe
723 1511 847 1576 dicendi
858 1511 990 1575 formam
1010 1512 1067 1574 hoc
1081 1511 1149 1574 loeo
1163 1518 1276 1592 poetae

143 1594 305 1677 propriam
331 1593 533 1657 commendat
556 1592 698 1657 Donatus
721 1597 878 1659 adnotans
904 1597 945 1660 ad
969 1597 991 1674 1,
1007 1601 1035 1670 2,
1053 1600 1113 1659 63:
1138 1595 1277 1657 Mandat

149 1680 321 1752 Terentius,
346 1677 467 1740 areola
477 1699 537 1759 per
552 1673 700 1762 ἔλλειψιν
722 1703 821 1757 mam,
845 1703 894 1744 res
915 1681 1101 1753 huiuamodi,
1127 1687 1275 1761 certoque

143 1763 275 1828 consilio
296 1763 477 1827 Terentium
499 1764 660 1845 scripsisse
683 1763 760 1828 illud
782 1769 928 1830 ‘etiamne
950 1765 1095 1849 amplius‘
1121 1764 1275 1846 intellegi-

144 1854 206 1912 tur.
257 1848 365 1930 Neque
396 1849 499 1910 minus
529 1869 610 1930 quae
637 1848 734 1913 Thais
762 1873 866 1915 secum
896 1852 1086 1935 colloquitur
1110 1851 1139 1930 l,
1163 1853 1191 1927 2,
1218 1853 1273 1910 117

143 1954 171 1997 e.
195 1955 226 2015 q.
251 1954 286 2011 s,
309 1933 542 2015 quodammodo
565 1933 704 1997 Terentii
727 1955 794 2000 esso
817 1937 977 2014 videntum
1000 1936 1083 2019 quod
1108 1939 1190 1998 enim
1214 1934 1272 1993 Do·

143 2025 241 2082 natus
263 2017 397 2081 adnotat
419 2016 460 2081 ad
483 2039 510 2079 v.
539 2018 613 2082 118:
642 2019 708 2082 Hie
724 2022 884 2083 Terentiae
906 2022 1037 2085 ostendit
1058 2019 1177 2082 cirratis
1197 2037 1270 2078 suae

143 2101 201 2165 heo
221 2123 284 2165 esse
305 2112 339 2165 al
350 2102 548 2184 parumlquium
559 2124 709 2184 pascnan
724 2127 797 2167 noue
812 2107 940 2169 inducat
955 2116 984 2168 et
1001 2118 1102 2168 tamen
1117 2127 1136 2165 a
1150 2122 1269 2164 conane·

145 2187 252 2251 tudine
273 2188 494 2259 reaccendat,
518 2187 552 2251 id
575 2188 674 2263 valet,
699 2196 735 2252 ut
756 2193 866 2273 paucis
888 2191 936 2255 his
959 2191 1076 2255 additis
1098 2187 1199 2252 verbis
1220 2207 1275 2249 no-

145 2293 216 2336 vam
249 2273 409 2354 quandam
441 2272 554 2349 faeiem
591 2274 775 2339 attribuerit
813 2286 907 2358 poeta
946 2276 1102 2341 meretrici
1137 2279 1276 2337 ceterum

148 2358 228 2421 satia
249 2357 394 2438 cognitae
416 2363 449 2420 et
470 2357 683 2440 pervulgatae.
755 2433 758 2439 ¹

230 2441 354 2505 Primus
375 2443 473 2523 igitur
495 2447 585 2505 actus
606 2445 745 2527 exceptis
768 2443 901 2509 fortasse
925 2446 1034 2528 paucis
1056 2444 1197 2508 versibus
1214 2441 1278 2504 Me·

145 2526 268 2592 uandro
283 2525 468 2589 tribuendus
489 2527 623 2591 videtur.
667 2528 748 2605 Quid
765 2529 804 2592 de
821 2531 892 2605 ll,l
917 2530 1118 2593 iudicandum
1140 2528 1190 2606 sit,
1213 2527 1277 2589 iarn

145 2631 241 2695 supra
261 2611 497 2685 adnotavimns;
521 2611 685 2676 Menandri
702 2614 845 2678 Eunuchi
866 2635 939 2678 eam
961 2636 1027 2678 esse
1049 2623 1190 2697 apparet.
1237 2616 1279 2674 At

146 2716 255 2761 versus
276 2696 350 2761 inde
372 2716 392 2758 a
413 2716 440 2757 v.
467 2700 516 2759 22.
540 2718 560 2759 a
581 2697 728 2762 Terentio
750 2700 875 2763 additos
897 2709 983 2783 puto,
1006 2701 1081 2782 qnia
1104 2698 1152 2762 his
1174 2697 1279 2760 verbis

146 2801 229 2866 quae
250 2781 394 2864 sequitur
415 2801 511 2845 scena
531 2782 752 2846 introducitur.
797 2783 941 2866 Namque
963 2785 1047 2867 quod
1060 2783 1201 2866 loquitur
1216 2803 1279 2845 ser-

146 2886 219 2930 vus:
253 2867 355 2930 ‘ducit
378 2887 483 2930 secum
513 2866 665 2946 virginem
688 2868 767 2932 facie
790 2867 931 2933 honesta'
954 2870 1024 2933 ideo
1047 2869 1190 2933 additum
1212 2868 1276 2929 iam

65 2951 67 2955 ’
146 2951 281 3017 adnotat
297 2950 448 3029 Donatus,
472 2958 508 3014 nt
529 2944 699 3033 οἰκονομία
715 2965 923 3036 praeparetur
936 2954 1074 3038 fabulae
1094 2974 1156 3036 qua
1178 2962 1276 3014 osten-

147 3037 241 3100 datur
265 3045 427 3099 amaturae
453 3035 601 3100 Chaerea.
1098 3060 1101 3063 ·

234 3124 322 3200 Quae
343 3121 416 3184 inde
440 3121 480 3198 ll,
505 3126 523 3184 2
545 3132 734 3204 sequuntur,
757 3123 837 3186 nihil
859 3124 899 3188 ad
922 3126 1022 3208 ipsum
1045 3124 1276 3185 sententiarum

146 3228 265 3270 nexum
294 3207 452 3289 pertinent
478 3226 578 3286 usque
600 3207 641 3270 ad
663 3228 691 3270 v.
715 3212 781 3282 36.,
810 3216 995 3292 constatque
1017 3209 1116 3290 ipsius
1138 3205 1275 3270 Terentii

146 3291 265 3369 verbis,
289 3290 488 3354 Gnathonem
510 3289 632 3355 Colacis
654 3292 820 3364 Menandri
842 3314 917 3356 esse.
967 3294 1037 3359 sed·
1058 3291 1293 3363 dubitandum„

147 3397 188 3439 an
217 3375 251 3439 in
280 3375 497 3459 componenda
525 3377 658 3458 parasiti
687 3379 828 3440 oratione
854 3379 949 3441 etiam
973 3400 1030 3441 suo
1053 3378 1183 3453 consilio
1211 3393 1271 3436 ser·

147 3460 242 3525 viarii
257 3460 431 3524 Terentius.
478 3460 621 3543 Namque
643 3461 683 3525 ad
707 3462 747 3536 ΙΙ,
771 3466 798 3538 2,
825 3468 838 3525 1
865 3464 998 3526 adnotat
1021 3463 1178 3526 Donatus:
1202 3458 1273 3520 Hoc

146 3546 212 3613 ium
235 3545 312 3608 mire
333 3555 362 3607 et
378 3567 439 3626 pro
460 3545 557 3607 secali
575 3556 604 3607 et
626 3555 796 3626 temporam
818 3547 1052 3628 reprehensione
1071 3545 1201 3630 satyriae
1219 3543 1273 3605 Te·

147 3630 283 3704 reatina,
319 3631 402 3712 qood
428 3631 515 3711 apud
534 3651 602 3692 earn
624 3631 750 3694 stultam
772 3643 863 3694 vocal
878 3632 1048 3714 simplicem
1065 3631 1226 3715 parasitus
1248 3634 1277 3688 et

146 3715 369 3795 intellepentern
385 3715 511 3777 malam.
554 3714 635 3779 Suae
650 3716 748 3799 igitur
763 3718 878 3781 aetatis
899 3739 1002 3781 mores
1024 3727 1056 3780 et
1081 3714 1203 3780 vivendi
1226 3733 1278 3775 ra·

146 3802 265 3865 tionem
289 3797 430 3884 proferre
453 3799 575 3863 videtur
596 3800 775 3878 Terentius,
798 3802 957 3866 hominem
978 3803 1112 3886 probum
1136 3800 1278 3874 stultum,

148 3886 268 3950 malum
296 3884 484 3968 prudentem
511 3884 684 3968 appellans.
728 3887 816 3950 Addo
838 3888 921 3969 quod
945 3889 985 3951 ad
1010 3910 1036 3950 v.
1064 3891 1112 3950 13.
1137 3887 1279 3951 Donatus

148 3971 301 4036 adnotat:
336 3968 536 4032 Vehementer
557 3969 691 4034 invectae
712 3980 756 4033 eat
776 3972 809 4034 in
837 3982 975 4055 tempera
1003 3983 1033 4034 et
1060 3992 1162 4033 merea
1187 3982 1278 4053 poete

147 4054 205 4119 aad
226 4054 286 4119 hec
303 4075 458 4138 perrena,·
480 4055 514 4118 in
536 4074 598 4137 qna
619 4053 773 4119 hominem
794 4054 840 4120 ita
860 4057 980 4141 inducit
995 4055 1155 4140 poenitere
1171 4054 1278 4139 probi·
