2930 4658
737 253 770 318 ii

184 439 356 506 ostenditur
375 436 517 520 fabulae,
541 437 707 522 siquidem
721 438 848 504 Andria
869 463 907 505 ec
927 441 1060 505 duorum
1081 441 1320 508 adclamantium

180 525 349 611 pavoribus
368 522 550 607 conditisque
571 523 776 606 componitur,
800 546 869 589 cum
882 526 961 609 fere
982 527 1080 589 colam
1092 530 1251 612 Hecyram
1263 529 1322 593 Te-

183 611 303 676 rentius
325 630 363 672 ea
383 608 475 672 unius
490 609 646 672 comoedia
661 608 861 674 adolescentis
876 609 1025 709 effecerit.
1062 611 1112 676 Ab
1128 611 1191 677 elio
1206 612 1321 678 deinde

183 696 330 762 additur:
363 695 437 757 Hae
453 713 606 776 personum
633 692 794 757 Terentius
819 694 943 758 addidit
965 695 1122 777 fabulae,
1157 718 1232 760 nam
1259 719 1321 761 non

184 790 257 845 sunt
283 779 369 861 apud
390 778 623 851 Menandrum,
660 800 699 840 ne
726 773 959 862 τραγικώτερον
974 780 1074 863 fleret
1101 780 1322 846 Philumenam

184 875 319 949 spretam
348 862 523 946 relinquere
550 861 617 925 eine
644 884 755 945 apansa
778 864 946 946 Pamphila
967 864 1064 928 oliam
1087 866 1224 929 ducente.
1271 866 1321 932 Ad

187 952 270 1026 V,5:
296 950 388 1012 Haec
409 968 501 1010 scena
522 947 654 1010 alterum
675 969 822 1030 acnuam
840 948 998 1012 Chremeti
1017 959 1189 1033 comparat,
1214 972 1253 1014 ne
1266 958 1323 1015 aut

187 1033 345 1099 Charinus
368 1030 609 1095 tristioreeedat
631 1041 770 1097 autnon
842 1032 958 1097 ameum
985 1035 1140 1099 rideretur
1163 1034 1321 1099 Philume-

182 1142 253 1184 nae.
303 1118 453 1199 Aliusque
475 1115 618 1180 addidit:
654 1118 726 1182 Hoc
748 1117 796 1180 col
825 1116 932 1216 quium
949 1140 1010 1202 per
1032 1119 1246 1201 compendium
1266 1120 1322 1200 fa·

183 1203 275 1267 tutae
295 1202 454 1265 inducitur
467 1210 503 1265 ut
516 1222 581 1265 una
595 1201 777 1266 narratione
790 1211 883 1266 ettam
898 1202 1052 1286 necetium
1072 1203 1207 1268 Charini
1221 1214 1322 1269 trans·

184 1288 230 1371 ἔρι’
246 1285 356 1370 possit.
402 1285 520 1351 Donati
542 1288 732 1350 sententiam
756 1292 883 1351 secutus
906 1289 1106 1372 maximeque
1136 1290 1223 1353 nisus
1253 1309 1322 1354 rer·

184 1373 234 1437 bis
255 1392 337 1455 quae
358 1376 449 1434 sunt:
481 1371 552 1433 Has
570 1392 721 1452 pesonae
749 1371 910 1435 Terentius
930 1372 1054 1437 eddidit
1068 1374 1222 1459 fabulae,
1247 1395 1321 1438 nam

185 1480 247 1521 non
268 1464 340 1520 eunt
360 1454 449 1537 apud
468 1454 702 1528 Menandrum,
737 1454 914 1520 Grauertus
937 1477 1046 1523 omnes
1069 1479 1153 1541 quae
1175 1459 1216 1524 ad
1239 1458 1322 1523 Cha·

184 1543 289 1606 rinnm
312 1546 344 1605 et
361 1538 527 1623 Byrrhiam
549 1540 711 1622 pertinent
730 1540 860 1605 fabulae
881 1547 989 1623 partes
1011 1563 1073 1606 non
1092 1564 1130 1607 ex
1148 1543 1323 1608 Menandro

185 1626 309 1690 delatas
331 1625 386 1689 sed
408 1624 449 1689 ab
471 1623 540 1707 ipso
555 1623 702 1689 Terentio
723 1626 868 1690 inventas
889 1625 967 1690 vult.
1013 1627 1074 1692 Sed
1096 1627 1196 1710 ipsius
1219 1628 1323 1693 verbis

184 1710 319 1776 refutari
341 1708 419 1773 mihi
442 1708 566 1772 videtur
588 1710 656 1773 eius
677 1711 844 1780 sententia,
866 1732 897 1793 p.
910 1712 995 1775 enim
1021 1716 1089 1790 187,
1111 1734 1184 1777 oum
1203 1734 1242 1777 ex
1260 1715 1322 1777 An·

185 1796 256 1860 dria
277 1814 401 1859 summa
423 1793 603 1873 argumenti
625 1814 644 1856 a
665 1794 813 1859 Terentio
828 1795 929 1878 petita
944 1796 995 1871 sit,
1017 1817 1099 1880 quae
1117 1796 1158 1860 ad
1172 1797 1322 1862 Andriam

186 1880 352 1945 aDonato
373 1877 440 1942 solo
463 1877 628 1941 Menandri
659 1882 784 1943 nomine
812 1878 941 1944 fabulae
970 1902 1008 1944 ex
1037 1902 1100 1963 qua
1130 1883 1232 1965 petita
1259 1883 1323 1947 sint

185 1966 312 2030 nomine
334 1983 395 2026 non
420 1962 528 2025 addito
551 1962 728 2027 afferantur
748 1963 936 2044 fragmenta,
959 1985 997 2027 ea
1019 1966 1060 2029 ad
1076 1965 1242 2031 Menandri
1260 1969 1322 2031 An·

185 2051 287 2115 driam
310 2047 476 2112 referenda
498 2066 565 2112 esse
588 2047 787 2111 demonstrat
794 2072 803 2124 3
826 2068 865 2111 ex
888 2048 960 2113 aliis
974 2050 1001 2113 si
1017 2051 1162 2115 attulerit
1178 2051 1323 2116 Donatus

184 2135 364 2216 fragmenta
384 2132 562 2209 comoediis,
585 2152 694 2196 earum
718 2131 882 2196 afferenda
904 2132 1000 2196 tuisse
1022 2136 1160 2207 nomina,
1182 2135 1215 2199 id
1237 2135 1323 2218 quod

185 2220 297 2284 iecerit
317 2216 359 2282 ad
383 2216 521 2281 Andriae
543 2216 622 2299 proi.
638 2221 685 2280 10.
711 2217 890 2282 Perinthiae
912 2220 1041 2283 nomine
1062 2225 1096 2283 et
1116 2220 1156 2283 ad
1182 2221 1217 2294 V,
1241 2227 1270 2297 5,
1293 2225 1322 2300 3,

184 2302 327 2369 Eunuchi
351 2301 478 2367 nomine
501 2299 622 2366 addita.
671 2301 877 2366 Doctiesimos
900 2304 982 2367 viros
1003 2303 1171 2379 clericum,
1195 2305 1323 2377 Bentle-

182 2390 258 2463 ium‚
282 2385 482 2464 Meinekium,
506 2385 586 2450 alios
607 2386 708 2449 allata
730 2385 890 2452 aDonato
912 2388 953 2452 ad
972 2389 1122 2452 Andriam
1143 2389 1323 2472 fragmenta

183 2474 225 2538 ad
248 2472 403 2536 Andriam
426 2470 595 2534 Menandri
619 2470 735 2534 reterre
758 2472 933 2535 rectissimo
955 2494 1017 2536 non
1040 2472 1202 2538 dubitasse
1224 2474 1322 2540 adno-

183 2564 243 2622 tat.
290 2560 330 2620 At
359 2576 415 2619 cnr
441 2556 504 2619 iam
532 2555 608 2619 hoo:
644 2557 732 2618 Nem
753 2577 816 2618 non
837 2566 910 2619 sunt
930 2559 1018 2639 apud
1038 2559 1254 2622 Menandrum
1277 2560 1324 2624 ite

184 2641 343 2725 explicare
375 2640 557 2704 dubitamus
589 2647 626 2704 ut
656 2641 711 2702 sit:
749 2642 837 2703 Nam
867 2663 929 2703 non
957 2652 1029 2705 sunt
1055 2645 1142 2725 apud
1162 2643 1322 2708 Andriam

186 2724 388 2791 Menandri?
433 2728 536 2807 Atque
564 2745 647 2808 quae
676 2731 773 2788 antea
800 2726 922 2808 scripta
951 2734 1044 2790 sunt:
1080 2730 1154 2791 Has
1170 2750 1323 2809 personas

190 2810 349 2875 Terentino
365 2809 494 2872 ⁴addidit
511 2808 654 2888 fetulae,
681 2809 759 2874 Ihne
776 2811 903 2874 omnino
921 2809 1036 2876 Donati
1051 2832 1117 2875 esse
1140 2819 1245 2892 negat
1267 2813 1322 2878 sed

185 2894 331 2978 nugatori
354 2894 478 2958 cuidam
503 2894 629 2971 tribuit,
662 2895 717 2976 qui
739 2894 779 2958 de
801 2894 940 2959 Charino
962 2903 995 2959 et
1019 2896 1152 2978 Byrrhie
1173 2897 1323 2963 Terentio

184 2978 404 3045 adiudicandis
426 2978 593 3042 dicendum
617 2977 677 3043 sibi
700 2985 837 3062 putaret,
860 2986 956 3060 atque
972 2979 1055 3044 hano
1070 2981 1261 3046 sententiam
1276 2982 1324 3047 ita

186 3065 320 3150 probare
340 3061 448 3127 studet
469 3066 506 3126 ut
527 3083 609 3145 quae
632 3062 808 3127 afferantur
824 3063 937 3126 Donati
953 3065 1079 3128 nomine
1095 3065 1136 3129 ad
1149 3067 1227 3130 And.
1240 3067 1321 3150 prol.

190 3155 236 3214 10.
260 3155 293 3213 et
317 3153 364 3212 13.
388 3167 518 3231 prorsus
538 3149 647 3231 inepta
674 3155 707 3211 et
732 3147 857 3225 inania,
894 3169 995 3230 neque
1019 3150 1133 3214 hausta
1156 3171 1194 3213 cx
1209 3151 1324 3235 'probis

185 3234 369 3299 auctoribus
391 3231 447 3296 sed
468 3232 509 3299 ad
532 3232 708 3296 acuendum
731 3234 892 3313 ingenium
914 3239 946 3297 et
964 3235 1169 3313 sagacitatem
1185 3235 1320 3321 discipu·

185 3319 290 3383 lorum
312 3339 332 3381 a
352 3317 503 3399 magistro
524 3317 662 3399 quodam
678 3319 808 3380 inventa
823 3317 1025 3394 demonstret,
1048 3317 1088 3382 oh
1106 3340 1241 3403 eamque
1256 3342 1323 3386 rem

187 3425 225 3468 ne
247 3402 328 3466 illud
350 3401 493 3483 quidem:
527 3403 601 3465 Hoc
620 3422 770 3482 personae
796 3401 957 3465 Terentina
978 3402 1101 3466 addidit
1112 3404 1251 3488 fabulae
1272 3426 1323 3469 ve·

187 3489 263 3552 teris
284 3486 425 3550 auctoris
445 3491 502 3548 aut
523 3506 630 3550 verum
653 3492 755 3569 putet.
799 3492 900 3568 Atque
916 3487 1090 3552 rectissime
1105 3488 1182 3552 mihi
1199 3490 1324 3554 ridetur

187 3573 365 3655 disputasse
381 3570 493 3635 verba:
518 3573 567 3633 Ne
589 3565 822 3653 τραγικώτερον
839 3571 929 3648 fieret
950 3592 991 3635 ss.
1018 3571 1097 3636 nihil
1120 3575 1247 3638 omnino
1270 3595 1322 3639 va·

187 3657 252 3719 lere
273 3664 371 3738 atque
395 3657 558 3736 nugatorie
579 3676 647 3719 esse
669 3656 844 3732 cuiusdam,
867 3655 922 3736 qui
944 3658 1159 3722 excusandum
1183 3660 1243 3722 sihi
1265 3680 1323 3743 pu·

187 3745 272 3805 taret
292 3740 475 3804 Terentium
497 3745 628 3823 propter
649 3739 791 3803 additam
822 3739 1036 3805 tristissimam
1058 3741 1189 3807 Charini
1215 3764 1323 3827 perso·

188 3845 274 3888 nam.
318 3825 365 3889 Ab
388 3823 498 3888 eodem
528 3832 680 3905 nugatore
712 3824 883 3906 eodemque
912 3826 1043 3889 oonsilio
1072 3828 1225 3910 scriptum
1254 3848 1323 3892 esse

188 3914 267 3992 puto
288 3908 371 3991 quod
394 3908 568 3971 adnotatur
590 3908 629 3972 ad
652 3908 689 3983 V,
712 3913 747 3972 5:
786 3910 876 3971 Haec
904 3930 994 3973 ecena
1023 3911 1154 3974 aiterum
1175 3934 1321 3992 cenerum

189 4014 230 4056 aa.
276 3992 337 4056 Sed
358 3992 467 4076 paullo
489 3993 640 4056 audacius
670 3992 703 4056 id
735 3991 812 4056 mihi
840 3991 979 4059 effecisse
1007 3994 1149 4072 videtur,
1182 3996 1221 4060 ob
1251 4017 1322 4061 eam

189 4097 285 4161 quam
301 4076 613 4142 commemoravimus
635 4097 762 4142 oausam
786 4099 824 4141 ne
847 4099 885 4142 ea
906 4079 1049 4161 quidem:
1076 4080 1162 4151 ‘Hae
1175 4102 1323 4162 pusonas
