2930 4658
771 254 809 317 le

221 430 274 511 lae
292 431 502 515 Terentianae
524 434 621 499 etiam
640 441 767 501 mortuo
789 441 897 518 poeta,
930 436 977 499 ita
1006 436 1126 501 factum
1148 457 1216 501 esse
1236 436 1353 501 conicit

219 525 256 587 ut
274 537 334 665 per
356 518 529 585 eiusmodi
551 520 746 583 occasionem
768 521 908 604 aliquam
931 521 1013 585 alius
1041 529 1153 604 poetae
1183 522 1235 585 sed
1265 520 1352 586 haud

219 623 271 667 mu
288 610 320 666 to
340 604 532 751 posterioris
560 625 658 668 manu
687 626 728 671 ea
754 626 849 669 scena
876 605 1061 682 adderetur,
1099 628 1163 689 qua
1193 606 1353 673 Charinus

219 686 337 769 despon
361 694 442 759 etur.
917 700 920 709 ’

303 770 520 854 Wagnerus1)
542 772 706 838 Ritschelii
730 774 921 839 sententiam
945 775 1027 840 alius
1049 783 1162 859 poetae
1184 796 1252 841 esse
1267 775 1353 843 hunc

218 857 337 923 exitum
360 877 422 925 non
445 856 573 941 probat,
602 857 656 921 sed
678 858 809 942 abipso
831 858 996 937 Terentio,
1046 881 1121 925 uum
1142 862 1258 923 iterum
1280 881 1352 942 age-

218 950 307 1007 retur
323 942 451 1019 Andria,
474 963 546 1006 eum
570 941 687 1007 tactrrm
705 964 772 1009 esse
795 944 872 1008 dicit
892 945 987 1028 idque
1011 966 1028 1008 e
1063 945 1106 1009 cit
1127 954 1160 1008 et
1183 951 1353 1026 utrumque

218 1025 344 1090 fabulae
366 1029 487 1091 exitum
509 1047 529 1090 a
550 1025 696 1091 Terentio
725 1028 898 1111 profectum
929 1038 962 1093 et
989 1030 1154 1113 prologum
1182 1032 1237 1113 qui
1267 1051 1352 1095 nuno

218 1117 323 1177 exstat
344 1111 384 1177 ad
408 1112 490 1175 hanc
511 1112 645 1175 alteram
668 1114 824 1177 actionem
846 1135 914 1178 esse
941 1115 1164 1198 compositum3
1203 1123 1351 1199 recteque
1420 1173 1423 1178 ,

217 1196 374 1261 iudicasse
406 1196 446 1260 de
477 1196 535 1260 hoc
566 1197 654 1260 exitu
683 1196 719 1261 G.
744 1197 960 1263 Hermannum
990 1199 1021 1263 in
1052 1199 1205 1283 epimetro
1235 1208 1351 1279 conset,

217 1301 410 1363 quamquam
440 1301 478 1345 ne
508 1281 559 1345 hic
587 1282 714 1363 quidem
742 1289 829 1346 certo
858 1282 1015 1348 affirmare
1043 1305 1138 1347 ausus
1160 1285 1202 1348 sit
1223 1305 1350 1349 scenam

216 1365 306 1429 illam
328 1365 368 1429 ab
390 1366 459 1448 ipso
482 1364 629 1429 Terentio
652 1388 719 1431 esse
743 1367 926 1450 profectam.
969 1368 1031 1432 Sed
1054 1369 1245 1433 monendum
1273 1368 1351 1433 mihi

216 1449 341 1515 videtur
370 1450 403 1513 in
432 1449 605 1515 disserendi
634 1458 667 1514 et
696 1452 903 1517 concludendi
933 1474 1047 1536 genere
1075 1474 1132 1518 suo
1147 1453 1348 1539 Wagnerum

216 1534 324 1618 paullo
346 1533 548 1599 audaciorem
567 1556 649 1610 esse,
679 1544 871 1603 statuentem
894 1540 928 1601 in
949 1537 1009 1601 hac
1031 1559 1128 1603 scena
1150 1539 1229 1602 nihil
1251 1560 1270 1601 a
1292 1540 1350 1604 Te·

216 1620 312 1683 rentii
335 1626 405 1685 arte
427 1625 460 1684 et
481 1620 639 1699 elegantia
662 1621 808 1686 recedere
830 1629 863 1685 et
879 1624 982 1707 ipsum
998 1622 1180 1689 Terentium
1197 1624 1348 1691 Andriam

215 1704 248 1769 iu
277 1723 402 1768 scenam
434 1703 605 1771 reduxisse.
656 1706 745 1784 Quod
777 1727 932 1791 apparere
959 1714 1068 1792 putat,
1103 1707 1254 1773 Andriam
1276 1714 1349 1792 post

216 1788 358 1870 Hecyrae
380 1790 515 1872 primam
537 1793 694 1855 actionem
716 1812 800 1855 anno
824 1797 887 1857 590
908 1792 1044 1857 relatam
1066 1793 1107 1857 ad
1137 1813 1269 1876 eamque
1298 1813 1349 1856 re·

215 1873 348 2020 petitam
379 1875 534 1937 actionem
562 1895 633 1938 eum
664 1876 718 1957 qni
747 1882 853 1940 exstat
878 1878 1042 1961 prologum
1073 1879 1224 1960 scriptum
1253 1897 1348 1956 essse,

237 1979 274 2021 oc
297 1957 434 2022 dubitari
479 1965 569 2022 otest.
614 1958 694 2022 Nam
717 1982 812 2043 quam
835 1963 948 2026 summi
972 1964 1121 2027 momenti
1150 1960 1242 2022 affert
1273 1982 1347 2022 cau·

215 2062 301 2121 sam,
338 2043 421 2106 unde
468 2044 581 2107 erentii
610 2044 810 2109 adversarius
839 2052 905 2110 tam
934 2055 1116 2111 accuratam
1144 2044 1268 2106 fabulae
1291 2064 1346 2105 no·

214 2129 317 2191 titiam
351 2128 411 2191 sibi
443 2135 643 2212 compararet
675 2136 712 2192 ut
744 2151 892 2196 accusare
920 2153 992 2196 enm
1022 2134 1127 2213 posset
1154 2148 1193 2192 ex
1222 2127 1345 2190 duabus

214 2211 341 2277 Graecis
357 2211 498 2276 fabulam
514 2232 581 2277 esse
596 2216 812 2297 compositam,
834 2219 955 2301 nisi-eo
977 2216 1058 2299 qnod
1082 2215 1145 2278 iam
1170 2219 1243 2277 acta
1264 2217 1347 2276 esset

216 2297 353 2372 Andria,
391 2295 470 2361 haec
503 2319 564 2361 non
599 2299 676 2361 satis
705 2299 796 2363 firma
823 2308 956 2384 rataque
986 2300 1110 2365 videtur
1139 2320 1214 2364 esse.
1265 2297 1349 2361 Nam

215 2382 339 2446 etiamsi
358 2381 562 2446 Westerhovii
586 2386 785 2462 sententiam,
809 2393 883 2450 ante
900 2387 1051 2450 Andriam
1067 2385 1250 2449 Terentium
1266 2402 1349 2446 com·

214 2470 321 2552 plures
343 2466 467 2530 fabulas
489 2468 649 2552 scripsisse
672 2469 783 2552 hisque
806 2492 875 2534 cnm
899 2470 1107 2535 intellexisset
1122 2470 1254 2533 Luscius
1276 2489 1350 2532 con-

215 2552 367 2616 taminari
395 2550 534 2629 fabulas,
567 2554 691 2616 crimini
721 2553 781 2618 hoc
809 2576 933 2619 versum
957 2555 997 2618 ab
1020 2575 1057 2617 eo
1080 2563 1112 2616 et
1133 2559 1246 2617 contra
1268 2554 1350 2617 eins·

215 2635 300 2700 modi
330 2636 463 2699 crimina
483 2636 666 2701 Terentium
696 2660 729 2715 se
758 2638 941 2715 defendere,
979 2637 1115 2721 probare
1144 2639 1350 2716 noluerimus,

215 2727 321 2785 tamen
337 2720 475 2786 Terentii
499 2728 610 2785 contra
625 2723 771 2787 Luscium
795 2724 933 2787 defensio
956 2724 1064 2786 statim
1086 2723 1118 2785 in
1141 2723 1263 2807 primae
1286 2725 1350 2788 An·

215 2806 303 2871 driae
324 2807 457 2871 actionis
479 2808 608 2891 prologo
630 2808 716 2872 facta
737 2810 814 2872 satis
837 2808 977 2891 expediri
1000 2807 1078 2871 mihi
1100 2809 1225 2873 videtur
1239 2811 1292 2872 ita
1313 2812 1350 2871 ut

216 2891 362 2957 Luscium
386 2912 482 2975 quam
504 2890 670 2956 Terentius
692 2899 821 2957 acturus
843 2899 926 2957 esset
948 2892 1091 2958 fabulam
1113 2914 1184 2956 cnm
1205 2895 1269 2956 iam
1292 2913 1349 2955 an·

215 2982 268 3040 tea
289 2978 493 3058 cognovisset,
516 2976 649 3041 fortasse
671 2979 750 3042 adeo
773 2979 962 3060 inspexisset
983 2985 1080 3062 atque
1101 2978 1349 3042 contaminatam

216 3080 285 3125 eam
305 3061 521 3136 intellexisset,
543 3083 601 3145 per
619 3069 721 3126 totum
744 3063 893 3147 populum
918 3069 951 3127 et
972 3064 1072 3146 ipsum
1097 3074 1129 3125 et
1150 3064 1268 3126 amicos
1290 3063 1350 3127 hoc

216 3146 334 3209 crimen
348 3146 450 3211 inesse
465 3167 564 3210 novae
578 3147 704 3211 fabulae
720 3149 931 3231 pervulgasse,
954 3149 1135 3212 Terentium
1159 3147 1228 3223 hoc,
1251 3168 1348 3229 quum

216 3231 379 3300 sensisset,
412 3229 555 3295 sibinen
579 3232 807 3314 neglegendum
828 3233 892 3296 iam
915 3235 948 3297 in
971 3234 1074 3319 prima
1095 3233 1221 3297 actione
1242 3238 1345 3294 ratum

215 3334 282 3379 esse
304 3335 495 3379 censeamus.
541 3316 688 3385 Luscium
711 3317 794 3379 enim
817 3339 886 3380 cum
911 3338 1025 3381 novum
1048 3317 1207 3380 exstitisse
1228 3313 1345 3378 fabula·

216 3420 285 3463 rum
309 3406 434 3483 poetam
456 3401 642 3484 popularem
665 3403 800 3482 gratiam
823 3401 882 3466 sibi
905 3409 1147 3486 praereptnrnm
1168 3399 1345 3471 audivisset,

217 3504 325 3548 omnes
347 3504 459 3551 nervos
480 3486 653 3550 intendisse
676 3493 712 3548 nt
733 3486 806 3563 iarn,
829 3494 999 3570 antequam
1024 3489 1127 3570 prima
1148 3489 1213 3551 eins
1234 3489 1346 3566 poetae

217 3577 363 3651 ageretur
385 3569 508 3647 tabula,
542 3576 670 3635 noceret
690 3572 718 3632 ei
740 3591 875 3654 eumque
897 3574 981 3635 omni
1005 3573 1098 3637 modo
1120 3569 1348 3636 calumniatum

216 3675 283 3718 csse
306 3654 376 3736 quis
399 3662 446 3718 est
467 3657 543 3736 quin
566 3657 690 3721 sentiat.

301 3736 362 3803 Sed
384 3738 479 3803 redeo
502 3739 543 3802 ad
565 3741 597 3804 id
620 3739 703 3823 quod
728 3741 921 3823 propositum
945 3746 1000 3805 est.
1037 3741 1146 3825 Neque
1158 3739 1350 3803 Ritschelins

217 3842 318 3907 neque
342 3823 556 3899 Hermannus,
587 3830 694 3889 utrum
716 3827 783 3909 ipse
805 3824 972 3889 Terentius
994 3826 1156 3909 scripserit
1179 3825 1262 3888 hunc
1285 3823 1349 3888 exi·

217 3914 285 3971 turn
308 3929 349 3971 an
372 3907 453 3972 alius
474 3916 584 3992 poeta,
617 3911 711 3974 certis
740 3910 845 3974 verbis
866 3910 1119 3975 diiudicaverunt
1140 3915 1238 3991 atque
1261 3909 1349 3984 adeo,

289 4096 309 4163 ¹)
343 4096 415 4149 liber
432 4096 546 4151 miscell.
580 4098 665 4152 Bonn.
686 4100 785 4169 (1864),
803 4118 829 4168 p.
847 4103 891 4154 79.
