2930 4658
717 262 757 323 35

170 471 253 535 quae
277 453 416 530 aguntur
437 466 540 529 neque
561 466 716 530 personae
732 446 856 511 Colania
878 450 962 510 sunt.
999 446 1209 526 Quamobrem
1226 447 1310 532 prin·

170 556 222 601 res
244 555 352 599 versus
374 531 520 597 eColace
539 531 722 615 desumptus
743 531 890 608 concedo,
913 537 1019 596 cetera
1041 532 1213 597 maximam
1237 553 1309 616 par·

171 627 236 686 tem
259 619 441 683 aTerentic
464 617 639 700 composita
661 623 746 699 puto.
782 617 931 681 Versibus
950 622 1063 681 1-10.
1078 616 1201 684 Thraso
1215 616 1309 682 Thai·

173 706 223 770 dis
246 706 381 774 domum.
405 708 441 767 ut
462 723 531 765 earn
555 702 596 766 ad
619 702 730 785 epulas
745 709 894 780 arcessat,
917 701 1079 785 profectus
1094 710 1169 766 ante
1184 707 1308 786 portam

173 811 244 856 cum
266 811 304 854 ea
325 787 528 871 colloquitur3
566 787 728 851 verbosius
756 787 883 870 quidem
905 807 977 850 eum
1000 786 1191 852 collocutum
1213 808 1309 870 quam

173 875 282 960 paucis
303 873 353 938 his
375 872 479 937 verbis
499 872 657 950 Terentii,
679 877 776 955 atque
798 871 880 936 hauc
903 871 1026 937 Colacis
1048 893 1192 951 scenam,
1214 893 1309 955 quarn

176 966 214 1026 10
237 959 378 1024 versibus
400 958 581 1040 complexus
602 964 665 1035 est,
698 956 798 1020 multo
827 956 1003 1021 breviorem
1032 956 1172 1022 effecisse
1194 957 1311 1023 Tereu-

172 1047 251 1111 tium
273 1044 404 1108 iudices.
448 1042 561 1107 Cetera
583 1042 722 1106 Terentii
746 1048 890 1126 apparet.
939 1042 1086 1107 Fortasse
1111 1043 1233 1107 inserta
1261 1049 1311 1107 est

171 1130 321 1195 hocloco
345 1128 488 1193 Eunuchi
511 1127 699 1191 Menandrei
720 1126 778 1190 illa
800 1147 904 1205 scena,
927 1147 991 1210 qua
1012 1147 1103 1192 serva
1123 1127 1310 1211 Aethiopica

172 1221 206 1280 et
222 1213 387 1279 eunuchus
402 1213 442 1278 ad
458 1212 610 1277 Thaidem
627 1211 826 1277 ducebantur
848 1218 889 1287 et,
911 1231 1007 1294 quam
1023 1211 1153 1295 insignis
1176 1219 1310 1297 uterque

173 1306 266 1372 esset,
288 1320 307 1362 a
331 1300 526 1363 Parmenone
549 1297 804 1380 praedicabatur.
851 1297 897 1359 Ad
922 1296 1075 1361 eiusmodi
1099 1318 1224 1361 scenam
1240 1318 1310 1381 per·

173 1386 239 1450 tine
262 1384 337 1448 licet
359 1388 538 1459 v.18-21‚
562 1382 675 1446 deinde
699 1382 826 1446 laudem
849 1379 986 1445 eunuchi
1001 1385 1136 1458 aet-25,
1157 1382 1311 1448 amatoris

172 1470 312 1535 animum
336 1469 511 1553 depictum,
541 1467 671 1532 Thaidis
700 1466 805 1531 verba.
855 1465 1028 1530 Thrasonis
1049 1473 1082 1531 et
1104 1467 1310 1532 Parmenonis

172 1557 255 1621 inter
285 1575 318 1617 se
345 1555 518 1618 rixantium
548 1553 645 1617 verba
673 1552 731 1616 etsi
761 1573 800 1615 ex
824 1551 1014 1616 Graecorum
1038 1551 1148 1617 fabula
1170 1553 1307 1636 quadam

110 1652 112 1657 ’
172 1646 321 1723 excerpta
343 1638 375 1702 in
398 1638 645 1720 memoriamque
667 1641 817 1701 reuocata
839 1642 930 1714 sunt,
964 1643 1071 1701 tamen
1094 1657 1218 1701 summa
1240 1646 1309 1702 arte

171 1725 298 1810 poetica
321 1723 503 1787 aTcrentic
524 1723 694 1786 coniuncta
715 1728 748 1785 et
768 1723 801 1787 in
825 1742 922 1786 unum
939 1741 1082 1786 connexa
1098 1727 1180 1787 sunt
1216 1721 1310 1806 Apud

172 1808 384 1873 Menandrum
407 1808 505 1890 igitur
526 1806 666 1871 fabulam
688 1808 735 1871 ita
757 1812 862 1871 actam
885 1811 963 1889 puto
985 1811 1022 1870 ut
1042 1812 1114 1890 post
1143 1807 1309 1872 consilium

173 1915 193 1959 a
217 1893 360 1958 Chaerea
381 1893 494 1957 initum
518 1912 555 1956 eo
579 1912 641 1975 quo
665 1892 721 1969 111,
747 1897 761 1955 1
786 1897 819 1955 et
840 1896 858 1954 2
881 1890 1022 1956 Terentii
1046 1897 1120 1956 sunt
1144 1892 1229 1971 loco,
1259 1913 1308 1956 sa·

172 1978 353 2049 tinnulus
382 1976 484 2042 verbis
510 1979 594 2041 inter
616 1976 769 2041 Thaidem
792 1976 1084 2060 Parmenoncmque
1112 1976 1220 2055 factis,
1255 1998 1309 2042 eu·

170 2064 295 2130 nuchus
316 2063 537 2127 adduceretur.

257 2149 314 2221 ΙΙΙ,
337 2153 365 2212 3.
411 2148 478 2212 Iam
502 2147 646 2212 Chaerea
672 2145 756 2229 quod
784 2145 951 2211 consilium
979 2146 1054 2210 iniit
1081 2152 1154 2232 post
1182 2168 1307 2212 scenam

171 2233 311 2316 perficit,
340 2233 447 2317 paullo
471 2239 542 2316 post
565 2231 738 2316 Antiphoni
762 2231 887 2295 cuidam
910 2232 986 2314 quid
1010 2232 1068 2297 sibi
1091 2232 1240 2313 obtigerit
1261 2254 1309 2297 re·

79 2395 86 2401 ,
170 2318 242 2384 fert.
294 2319 381 2395 Quae
410 2318 543 2383 interest
569 2338 662 2381 scena
685 2320 712 2380 3.
737 2317 812 2399 quin
836 2338 874 2381 ex
898 2316 1053 2381 Eunucho
1074 2317 1242 2401 desumpta
1267 2320 1311 2384 sit

171 2423 234 2466 non
256 2400 475 2466 dubitandum.
519 2401 581 2467 Sed
604 2401 688 2465 haud
711 2402 776 2465 scio
798 2421 839 2466 an
864 2421 925 2466 non
949 2403 1107 2484 quaedam
1137 2403 1206 2467 eius
1233 2424 1308 2487 pars

170 2486 312 2552 Terentii
341 2486 397 2566 sit;
435 2486 602 2551 deducitur
629 2486 711 2549 enim
736 2485 888 2550 Chremes
919 2487 959 2550 ad
990 2488 1102 2571 epulas
1131 2488 1242 2553 militis
1270 2509 1309 2553 ea

170 2578 295 2638 tantum
319 2572 491 2650 decanea,
525 2577 563 2635 ut
590 2571 661 2636 rixa
683 2571 805 2635 oriatur
828 2573 911 2637 inter
933 2570 1086 2636 Thaidem
1111 2573 1305 2657 militemque

168 2663 463 2742 praeparenturque
485 2663 576 2721 actus
596 2656 704 2739 quarti
725 2676 819 2720 scena
841 2657 954 2740 quinta
976 2662 1009 2721 et
1031 2666 1130 2722 sexta.
1166 2660 1209 2722 At
1224 2666 1308 2722 ccrtc

168 2744 201 2808 in
219 2743 388 2806 Menandri
403 2742 556 2807 Eunucho
579 2743 684 2807 nescio
706 2762 769 2824 quo
792 2741 855 2805 alio
879 2742 972 2806 modo
989 2742 1139 2808 Chremes
1154 2743 1306 2808 Thaidem

168 2829 317 2893 convenit
339 2827 379 2891 ab
407 2848 507 2910 eaque
531 2826 726 2910 Pamphilam
758 2847 897 2891 sororem
930 2847 1018 2891 suam
1050 2848 1118 2894 esse
1148 2828 1306 2894 edocetur.

170 2913 232 2978 Sed
256 2912 316 2976 hoc
338 2912 468 2975 minime
489 2912 530 2975 ad
552 2932 628 2976 rem.

253 2997 301 3061 De
323 2996 447 3061 duabus
468 3017 550 3079 quae
573 3002 748 3078 sequnntur
764 2997 880 3060 scenis
908 3016 978 3059 cum
1008 2996 1073 3061 iam
1102 3017 1199 3081 supra
1230 2997 1307 3081 quid

170 3081 374 3146 iudicandum
397 3084 439 3145 sit
461 3083 707 3164 exposuerimus,
729 3080 956 3145 transeundum
980 3082 1043 3146 iam
1066 3088 1115 3146 est
1137 3082 1179 3147 ad
1201 3090 1307 3148 actum

171 3172 328 3248 quartum.
375 3167 411 3231 Id
434 3166 552 3231 addere
574 3166 678 3242 liceat,
701 3165 784 3247 apud
808 3165 1017 3231 Menandrum
1039 3167 1100 3231 hou
1121 3166 1190 3232 loco
1207 3167 1307 3233 Chae·

170 3271 257 3315 ream
281 3271 385 3314 secum
406 3253 588 3336 loquentem
610 3251 650 3314 iis
672 3252 726 3334 qui
749 3250 936 3335 spectabant
964 3251 1041 3334 quid
1070 3252 1156 3316 intus
1182 3260 1305 3335 gestum

170 3341 254 3400 esset
276 3355 430 3401 narrasse.
473 3337 576 3401 Multa
598 3357 636 3400 ex
659 3357 697 3400 ea
719 3357 814 3401 scena
837 3340 878 3421 (e.
899 3358 925 3399 c.
943 3340 1083 3420 27-59)
1105 3339 1307 3403 transtulisse

170 3420 353 3486 Terentium
378 3442 439 3485 non
462 3443 557 3504 nego,
590 3421 683 3504 plura
715 3422 754 3485 de
783 3442 840 3485 suc
869 3420 1007 3496 addidit;
1044 3420 1180 3487 fortasse
1209 3425 1306 3488 etiarn

170 3507 346 3572 breviorem
384 3506 522 3571 effecisse
560 3506 720 3573 Chaereae
756 3506 842 3590 apud
879 3504 1088 3570 Menandrum
1129 3509 1306 3573 oraticnem

170 3592 334 3666 concedas.

255 3678 352 3740 Actus
374 3675 480 3757 quarti
502 3695 596 3738 scena
620 3674 723 3757 prima
745 3695 816 3737 cum
837 3680 1046 3758 praeparetur
1065 3677 1203 3759 iurgium
1220 3678 1303 3762 quod

172 3757 254 3822 iuter
275 3760 427 3825 Thaidem
457 3760 654 3841 militemque
685 3760 828 3822 futurum
859 3765 909 3822 est
936 3758 1038 3843 neque
1070 3762 1148 3825 talis
1174 3764 1212 3827 de
1242 3784 1306 3847 qua

172 3844 290 3906 mentio
311 3844 348 3909 fit
368 3846 439 3910 rixa
461 3846 493 3909 in
516 3841 669 3908 Eunucho
691 3843 753 3906 ullo
777 3844 845 3907 loco
867 3843 1014 3910 collocari
1036 3849 1151 3931 possit,
1180 3847 1305 3913 Colacis

171 3948 239 3991 esse
269 3928 400 3993 videtur.
451 3931 649 4013 Quamquam
681 3928 813 3992 militem
841 3951 904 3993 non
936 3940 1002 3994 tam
1026 3931 1185 3995 Chremeti
1208 3954 1302 4016 quarn

169 4012 345 4078 Phaedriae
367 4014 490 4079 aemulo
511 4014 653 4078 invidere
675 4021 837 4096 exspectes
859 4015 943 4079 dona
965 4016 1113 4080 mittenti.
1151 4020 1192 4080 At
1207 4017 1305 4082 Chre·

169 4105 285 4162 mutem
294 4162 307 4185 ..
316 4098 463 4163 adhibuit
490 4106 601 4183 poeta,
633 4120 704 4162 cum
727 4099 902 4167 Phaedriae
929 4100 1031 4185 epulis
1059 4102 1212 4166 interesse
1240 4124 1304 4168 non
