2930 4658
720 288 761 356 24

174 486 239 553 lam
261 491 385 549 secutus
409 484 465 562 sit,
500 502 600 565 neque
627 486 733 544 tamen
761 479 820 555 ita,
853 485 890 543 ut
910 478 943 542 in
968 474 1121 561 Adelphis
1142 499 1175 543 se
1196 478 1308 544 fecisse

177 573 244 656 ipse
266 569 394 633 fatetur.
933 606 937 613 ·

259 656 346 733 Quae
374 674 444 717 curn
475 652 521 714 ita
549 651 628 726 sint,
665 650 746 713 duae
775 670 826 714 res
854 648 933 713 effici
960 649 1037 713 mihi
1060 650 1217 714 ridentur.
1264 650 1309 713 Ac

175 740 311 826 primum
335 738 461 821 quidem
486 735 598 800 falsum
621 735 776 799 iudicasse
802 735 1028 817 puto-lhnium
1045 739 1069 819 ¹)
1092 735 1309 817 disputantem

175 826 256 891 alias
277 844 403 908 quoque
423 841 574 906 personas
597 827 722 902 praeter
745 820 824 884 dnas
845 819 916 893 has,
951 841 1030 904 quae
1058 819 1217 894 nominat,
1250 820 1308 884 'fe-

175 911 314 975 rentium
335 908 482 972 eColace
505 906 713 989 desumpsisse
737 912 769 967 et
792 903 958 968 nonnullas
971 905 1115 969 Eunuchi
1125 904 1309 968 Terentiam

175 1014 326 1078 personas
347 995 378 1057 in
403 998 536 1073 utraque
559 990 668 1054 fabula
690 989 858 1054 Menandri
880 990 984 1054 fnisse.
1028 991 1226 1072 Quamquam
1249 989 1310 1053 hoc

175 1081 202 1145 ei
227 1078 476 1153 concedendum,
508 1076 587 1143 tales
609 1096 772 1158 personas,
803 1075 913 1157 quales
934 1082 1008 1138 sunt
1028 1074 1125 1139 Thais
1149 1076 1307 1154 meretrix,

176 1164 332 1229 Phaedria
354 1162 550 1236 adolescens,
583 1161 736 1223 Parmeno
766 1181 874 1224 servus
901 1160 934 1222 in
964 1180 1154 1242 unaquaque
1176 1158 1241 1224 fore
1262 1158 1309 1224 fa·

175 1249 250 1316 bula
272 1250 373 1313 inesse
395 1267 502 1331 posse,
525 1252 632 1309 tamen
655 1266 724 1308 earn
748 1245 787 1309 ob
810 1265 937 1308 causam
960 1266 1021 1309 non
1045 1245 1130 1308 dicat
1151 1245 1307 1326 quispiam
1360 1285 1365 1293 ·

175 1354 301 1398 necesse
323 1354 406 1409 esse,
439 1330 627 1395 Phaedriam
650 1338 682 1393 et¹
707 1330 933 1393 Parmenonem
963 1329 1086 1393 duabus
1115 1329 1164 1393 his
1193 1329 1309 1393 fabulis

174 1419 313 1482 infuisse.
347 1417 481 1481 Militem
503 1423 535 1479 et
556 1416 730 1498 parasitum
754 1416 786 1477 in
803 1414 956 1478 Eunucho
969 1413 1163 1479 Menandreo
1177 1414 1308 1479 infuisse

174 1503 338 1569 contendit
365 1522 491 1565 necesse
521 1512 610 1564 ratus
639 1500 769 1564 rivalem
796 1501 891 1563 etiam
923 1500 1033 1583 adesse
1062 1499 1146 1582 apud
1177 1499 1307 1564 Menan·

176 1588 277 1665 drum,
299 1587 338 1652 nb
354 1607 446 1670 quern
463 1585 620 1650 Phaedria
642 1606 696 1648 rus
720 1586 875 1649 mittatur.
921 1584 1075 1666 Equidem
1098 1583 1209 1647 dubito
1230 1606 1308 1649 num

174 1674 205 1737 in
223 1673 386 1738 Menandri
403 1671 556 1735 Eunucho
582 1670 664 1733 alter
683 1677 809 1733 amator
828 1669 925 1733 fuerit
939 1669 1110 1733 Thrasonis
1125 1668 1307 1733 Terentiani

175 1758 286 1836 modo;
324 1756 398 1819 talis
427 1758 510 1820 enim
548 1756 573 1819 si
612 1754 781 1831 adfuisset,
819 1754 987 1817 verisimile
1020 1760 1068 1818 est
1098 1750 1306 1818 Menandrum

175 1864 246 1906 eum
269 1844 302 1906 in
324 1862 449 1907 scenam
471 1841 676 1905 inducturum
699 1840 805 1903 fnisse.
849 1839 959 1921 Neque
974 1860 1048 1902 vero
1064 1838 1230 1903 Menandri
1245 1839 1308 1903 fuit

174 1935 223 1991 tot
244 1945 394 2011 personas
414 1925 596 2009 producere.
643 1924 689 1987 Ea
711 1926 780 2007 ipsa
802 1924 841 1987 de
855 1944 961 2001 causa,
983 1930 1019 1987 ut
1035 1923 1141 2007 plures
1156 1944 1306 2007 personae

174 2012 206 2077 iu
229 2030 355 2076 scenam
377 2011 581 2095 produceret,
609 2010 840 2074 contaminasse
863 2009 1043 2073 Terentium
1067 2010 1151 2072 infra
1171 2028 1304 2071 comme-

175 2096 356 2161 morabitur.
377 2098 384 2117 ί
404 2096 512 2178 Neque
534 2094 706 2178 quidquam
731 2101 779 2157 est
799 2115 913 2158 causae
936 2094 1027 2158 lhnio
1050 2115 1107 2158 cnr
1127 2093 1243 2157 iudicet
1268 2094 1301 2155 iu

174 2182 341 2246 Menandri
365 2180 515 2244 Eunucho
548 2180 680 2244 militem
709 2186 882 2243 amatorem
909 2179 1144 2263 Phaedriaeque
1172 2177 1302 2241 rivalem

174 2267 279 2330 fuisse.
330 2265 410 2330 Nam
441 2265 514 2349 quid
545 2264 639 2329 affert
668 2262 825 2328 adnotans
853 2285 915 2328 uon
943 2264 1040 2331 semel
1063 2263 1249 2328 Eunuchum
1273 2268 1306 2327 et

174 2351 306 2414 militem
326 2350 359 2414 in
383 2351 492 2415 eedem
514 2349 624 2413 fabula
646 2347 764 2412 fuisse?
808 2349 910 2413 Rivali
926 2350 1054 2414 omnino
1070 2370 1148 2432 opus
1162 2371 1226 2413 non
1242 2353 1304 2423 est3

174 2434 251 2519 quid
273 2456 332 2498 non
355 2434 424 2498 fieri
446 2436 558 2516 potnit,
581 2440 617 2498 ut
638 2433 746 2517 aliquo
767 2435 862 2498 modo
877 2438 959 2498 inter
976 2435 1163 2498 Phaedriam
1187 2440 1220 2498 et
1241 2454 1306 2496 me·
1348 2460 1352 2471 .

174 2520 322 2584 ratricem
352 2519 510 2584 discordia
539 2527 696 2593 oreretur,
729 2518 864 2584 fortasse
892 2521 968 2601 quia
997 2527 1053 2582 aut
1074 2518 1169 2581 Thais
1199 2520 1306 2581 nescio

173 2626 237 2687 qna
258 2605 376 2687 ingenii
399 2605 574 2669 mobilitate
597 2602 735 2666 adducta
757 2624 829 2667 enm
851 2605 1004 2668 reiecerat
1025 2610 1082 2665 aut
1108 2604 1184 2683 quia
1205 2602 1306 2667 Phae·

174 2690 244 2754 dria
272 2710 293 2753 a
322 2690 507 2773 propinquis
534 2689 706 2771 increpitus
736 2696 769 2751 et
798 2689 838 2752 ob
868 2710 990 2753 amores
1013 2708 1085 2751 suos
1108 2688 1307 2771 vituperatus

174 2796 243 2839 earn
266 2775 410 2838 deserere
432 2773 650 2838 constituerat.
695 2773 786 2837 Hauc
808 2775 896 2838 cuius
918 2773 1002 2858 apud
1026 2772 1220 2837 Menandum
1246 2775 1307 2837 ini·

175 2860 219 2924 tio
247 2859 374 2924 fabulae
403 2860 522 2924 mentio
549 2858 647 2923 fiebat
674 2877 802 2923 causam
832 2860 938 2923 omisit
959 2858 1125 2922 Terentius
1146 2859 1306 2941 aliamque

174 2944 326 3009 incertam
349 2943 486 3028 reliquit.
532 2943 578 3007 Ad
601 2942 660 3007 hoo
683 2944 800 3026 optime
822 2945 980 3026 pertinere
1005 2950 1079 3026 puto
1096 2943 1194 3007 Persii
1217 2944 1306 3007 satir.

175 3029 212 3107 V,
236 3033 291 3094 161
318 3027 428 3105 ‘Dara
450 3029 525 3106 cito,
547 3028 606 3093 hoc
628 3029 737 3093 credas
758 3028 851 3093 iubeo
873 3051 900 3092 e.
924 3051 953 3111 q.
978 3028 1013 3092 s.’
1056 3027 1227 3092 Mutavisse
1248 3028 1307 3093 Te·

175 3115 311 3178 rentium
327 3120 420 3197 putes
435 3114 560 3177 initium
575 3113 701 3177 fabulae
710 3113 922 3177 Menandreae
938 3114 1122 3194 breviusque
1144 3111 1257 3178 fecisse
1269 3116 1306 3196 ²).

175 3199 235 3262 Sed
261 3199 334 3263 licet
355 3199 563 3262 concedamus
586 3199 759 3263 Phaedriae
788 3199 934 3272 rivalem,
968 3197 1101 3260 alterum
1131 3205 1305 3264 amatorem

175 3284 270 3348 etiam
286 3284 318 3346 in
328 3282 495 3347 Menandri
506 3283 657 3346 Eunucho
672 3286 703 3347 in
719 3282 823 3360 fuisse,
846 3305 907 3347 non
924 3283 1084 3346 invenitur
1098 3303 1195 3348 causa
1209 3301 1304 3366 qnare

177 3388 302 3432 necesse
324 3371 366 3430 sit
388 3389 459 3431 enm
480 3366 575 3431 fuisse
597 3367 739 3432 militem.

220 3516 226 3531 ,
260 3449 322 3516 Sed
345 3453 509 3516 redeamus
531 3452 571 3516 ad
587 3452 619 3515 id
634 3454 718 3536 quod
734 3453 872 3536 aggressi
888 3472 1012 3516 snmus:
1037 3453 1167 3518 Servum
1182 3471 1304 3536 quoque

177 3538 272 3601 fuisse
295 3534 326 3599 in
350 3537 465 3601 Colace
494 3536 657 3602 contendit
679 3539 789 3601 lhnins
817 3539 885 3600 eius
917 3558 1083 3619 personae,
1116 3558 1195 3622 qnae
1224 3537 1306 3600 alter

176 3634 302 3687 amator
327 3631 396 3684 erat
423 3624 456 3686 in
480 3621 608 3699 Colace,
643 3623 726 3685 hunc
748 3621 882 3685 alterum
906 3628 1079 3686 amatorem
1103 3623 1197 3687 fuisse
1219 3630 1309 3685 ratus

177 3706 374 3771 Phaedriam.
419 3706 479 3771 Sed
503 3707 574 3770 vide
595 3727 690 3790 quarn
706 3704 875 3770 artificiose
889 3706 1070 3770 Terentium
1087 3708 1210 3772 fabulas
1225 3727 1308 3771 com-

177 3792 317 3875 posuisse
332 3797 439 3873 putet:
463 3791 559 3855 Suum
577 3792 738 3874 ingenium
754 3797 895 3855 secutum
919 3793 1062 3872 quamvis
1083 3794 1216 3856 minima
1232 3806 1310 3857 'eum

177 3877 370 3958 excogitasse
400 3882 510 3958 negat,
547 3877 628 3941 servi
657 3876 697 3939 ad
728 3876 833 3960 ipsum
863 3875 1008 3939 Eunuchi
1037 3875 1165 3941 fabulae
1192 3877 1310 3979 nodum

183 4023 380 4034 -....——-.-——

248 4089 268 4153 1)
302 4052 425 4155 Quaerit.
443 4085 597 4167 Terentp.
618 4088 657 4168 lb.

248 4159 270 4227 2)
293 4159 334 4214 Ὀ.
354 4156 385 4211 0.
404 4155 518 4223 Miller,
536 4157 601 4211 hiet.
620 4156 660 4210 ht.
680 4157 776 4212 Graec.
794 4157 829 4225 II,
848 4160 906 4212 276.
