2930 4658
709 284 730 347 4

145 487 208 551 que
229 466 367 531 breuiter
388 472 422 530 et
442 466 605 529 commode
628 466 722 529 dictis
737 487 887 550 superare
902 465 1061 528 indicatur
1076 469 1112 541 ¹).
1150 464 1191 527 At
1207 462 1284 527 haec

146 572 229 635 qnae
251 551 416 615 attulimus
438 552 516 614 vitia
536 552 563 614 ei
585 552 730 630 omittas,
754 571 872 628 morae,
897 550 1036 627 indoles,
1059 549 1156 612 vitam
1178 568 1284 611 eorem

141 637 202 720 ‘qui
224 641 325 719 agunt
339 637 457 719 optime
480 635 647 719 descripsit
662 637 822 718 animique
838 636 1092 720 perturbationes
1109 642 1142 697 et
1156 630 1284 696 affecta·

146 721 250 785 tionee
272 740 369 803 quum
391 721 535 804 praecise
557 721 736 804 acriterque
758 727 827 784 tum
848 727 934 784 reete
955 727 989 784 et
1010 719 1101 803 quaei
1132 737 1182 780 ree
1209 737 1285 781 vera

146 806 189 871 eit
210 804 355 888 depinxit
370 806 408 883 ²).

232 889 343 973 Neque
358 909 431 953 vero
453 887 623 954 defuerunt
644 890 699 972 qui
721 910 793 954 eum
816 889 937 953 minimi
961 891 1187 954 aestimarent:
1213 885 1286 950 Vol·

146 974 249 1038 catine
271 973 431 1057 Sedigitas
444 973 470 1052 ⁸)
502 995 566 1038 nou
598 974 700 1039 eolnm
727 974 847 1041 Naevio
877 979 910 1037 et
940 973 1054 1039 Plauto
1083 981 1116 1039 et
1136 970 1285 1046 Caecilio,

147 1058 203 1124 eed
228 1059 349 1123 Licinio
372 1080 498 1143 qnoque
519 1066 552 1123 et
576 1060 672 1123 atilio
694 1080 766 1123 eum
788 1060 950 1143 postponit
957 1084 966 1134 ;
988 1058 1116 1124 Servius
1137 1056 1177 1120 ad
1193 1055 1286 1137 Verg.

148 1146 226 1207 Aen.
252 1148 279 1218 1,
295 1148 359 1207 410
384 1144 533 1208 adnotat:
557 1144 725 1208 Sciendum
749 1153 852 1207 tamen
875 1152 929 1219 eat,
960 1144 1138 1207 Terentiam
1154 1149 1287 1224 propter

146 1227 245 1291 aolom
267 1227 334 1306 (ecl.
358 1228 497 1307 dicendi)
516 1229 737 1310 proprietatem
761 1228 901 1292 omnidaa
922 1228 1046 1291 comicie
1068 1249 1131 1291 oeae
1154 1246 1286 1310 praepo·

146 1312 252 1388 eitum,
278 1312 388 1395 quibua
409 1322 464 1388 cat,
488 1323 639 1396 quantum
661 1315 706 1376 ad
725 1322 825 1376 cetere
844 1322 971 1395 apectct,
995 1313 1142 1396 inferior.
1183 1313 1286 1392 Atque

148 1399 212 1461 iam
235 1417 274 1460 ea
295 1397 395 1479 ipsine
416 1403 522 1461 aetate
545 1399 740 1462 accusabant
760 1398 898 1475 inimici,
931 1418 994 1462 non
1023 1400 1128 1480 ipeum
1150 1395 1287 1460 scribere

147 1481 327 1547 comoediae
349 1502 424 1546 enee
446 1483 503 1551 eed
522 1484 641 1547 amicos
663 1483 801 1561 nobilee3
824 1487 909 1547 certe
931 1502 1004 1547 eum
1027 1500 1135 1547 eornm
1156 1481 1190 1545 in
1212 1479 1287 1544 ecri-

148 1565 251 1632 bendo
274 1566 394 1631 auxilio
418 1570 464 1633 uti
478 1570 517 1648 ⁴).
562 1568 700 1632 Maxime
723 1567 917 1635 accusabant
939 1589 1011 1631 enm
1034 1566 1119 1649 quod
1135 1563 1287 1629 contami·

150 1657 243 1715 naret
263 1652 442 1717 comoediae
457 1653 604 1732 Graecae,
625 1653 646 1717 i.
659 1674 684 1717 e.
708 1653 815 1736 plnree
836 1659 1002 1736 poetarum
1025 1651 1217 1716 Graecorum
1240 1649 1287 1712 ta·

148 1734 241 1800 buiae
260 1736 294 1820 in
319 1757 416 1801 unam
438 1737 651 1801 contraheret.
695 1737 829 1801 Lueoiue
848 1738 934 1809 enim
955 1737 1206 1802 obtrectatorum
1222 1734 1288 1796 dux

149 1820 343 1885 Graecorum
358 1820 483 1887 fabulae
499 1828 564 1886 tam
585 1822 755 1903 diligenter
777 1823 881 1898 vertit,
905 1829 941 1884 nt
962 1843 1002 1886 ue
1024 1821 1137 1905 pedem
1159 1818 1288 1902 quidem

149 1904 191 1969 ab
211 1905 259 1967 iie
287 1905 421 1969 auderet
443 1905 603 1971 discedere
616 1910 660 1984 ⁵),
691 1915 723 1969 et
752 1906 785 1970 id
814 1906 891 1970 vitio
914 1909 1010 1971 vertit
1031 1905 1180 1969 Terentio
1203 1900 1288 1985 quod

149 2009 211 2070 non
233 1989 374 2071 integrae
400 1991 549 2055 redderet
572 1991 695 2055 fabulae
717 1990 855 2055 Graecae
876 1990 930 2054 eed
952 1988 1198 2055 contaminando
1219 2007 1290 2051 cor·

150 2081 321 2157 rumperet.
365 2074 458 2152 Quod
480 2097 537 2139 cur
557 2076 684 2147 feccrit.
717 2075 811 2138 facile
832 2075 1039 2156 intellegitur.
1091 2072 1172 2138 Cum
1194 2092 1289 2154 ergu-

151 2165 276 2235 menta,
308 2178 391 2240 quae
414 2159 582 2224 Menandri
605 2159 722 2224 fabulis
742 2162 887 2235 inerant,
918 2160 1052 2223 eubiatie
1074 2158 1167 2221 dictis
1188 2163 1221 2220 et
1243 2156 1290 2239 iq·

149 2243 241 2306 cetiie
255 2242 296 2309 ad
312 2243 505 2311 Graecorum
521 2244 644 2308 vivendi
660 2245 816 2308 rationem
838 2243 1081 2326 pertinentibus,
1105 2243 1199 2307 nimie
1221 2240 1290 2305 bre·

152 2328 203 2393 nia
224 2332 257 2391 et
278 2327 388 2391 inania
410 2328 595 2394 riderentur
617 2350 698 2407 cese,
732 2327 806 2391 hnic
829 2328 905 2391 vitio
935 2331 981 2391 ita
1012 2327 1133 2392 mederi
1157 2332 1291 2389 conatae

151 2419 220 2489 eet,
249 2419 286 2475 ut
314 2412 495 2496 complures
517 2412 642 2479 fabulae
663 2413 803 2477 eiusdem
829 2411 894 2477 fere
918 2415 1097 2495 argumenti
1119 2410 1292 2475 imitandae

153 2497 214 2560 eibi
242 2496 375 2577 eligeret
401 2503 497 2580 atque
528 2499 569 2562 ab
598 2499 703 2573 altera
725 2498 835 2562 fabula
856 2498 1074 2561 fundamentis
1095 2516 1170 2560 enae
1191 2495 1292 2576 ipeine

153 2579 335 2647 comoediae
362 2582 490 2663 petitis,
527 2604 567 2646 ex
595 2583 696 2646 altera
725 2603 791 2646 nna
811 2584 953 2647 alterave
975 2602 1111 2664 persona
1133 2579 1292 2644 translata

153 2665 317 2747 agentium
338 2685 566 2749 eccuarumque
587 2687 754 2731 numerum
778 2674 927 2750 angeret,
962 2665 1120 2731 difficilius
1147 2683 1223 2728 enac
1246 2664 1293 2728 ia·

154 2749 249 2819 balae
264 2758 486 2832 argumentum
509 2758 542 2817 et
562 2752 720 2816 actionem
735 2751 882 2829 efficeret,
905 2752 1115 2835 spectantium
1132 2755 1293 2832 exspecta-

155 2834 274 2898 tionem
296 2835 603 2917 admirationemque
625 2843 838 2902 commoreret
858 2843 955 2920 atque
971 2836 1140 2904 sustineret
1152 2836 1189 2913 6).
1220 2834 1293 2917 lpee

182 3142 184 3145 .
227 3077 257 3200 ¹)l
283 3079 422 3131 tentantur
441 3077 496 3131 Cic.
512 3077 542 3131 iu
559 3077 630 3132 Idm.
652 3078 775 3148 (Suetou.
794 3079 854 3132 rell.
874 3097 901 3149 p.
920 3081 990 3146 2941,
1010 3081 1132 3147 itemque
1149 3078 1176 3132 G.
1195 3077 1295 3133 Gaeear

158 3149 371 3299 (euditociiarro
389 3219 461 3285 apud
479 3215 548 3270 Non.
568 3234 595 3286 p.
613 3220 699 3285 374st
717 3221 746 3272 et
764 3235 807 3286 ap.
825 3218 904 3273 (thar.
923 3218 958 3285 11,
977 3235 1003 3287 p.
1018 3221 1077 3280 147,
1089 3221 1123 3273 27
1142 3219 1195 3289 (ed.
1207 3218 1294 3287 Keir);

157 3284 254 3340 Horat.
271 3291 350 3355 epret.
367 3288 405 3356 ll,
427 3289 449 3353 1,
468 3289 503 3339 67
521 3303 570 3352 ee.;
600 3288 719 3342 Euanth.
742 3289 777 3343 de
804 3289 938 3356 tragoed„
953 3293 982 3340 et
1005 3291 1126 3344 comoed.
1151 3307 1179 3359 p.
1201 3292 1241 3356 14,
1259 3291 1294 3342 26

159 3357 212 3426 (ed.
227 3356 397 3479 ³1ssOizrietou.
415 3444 442 3494 p.
462 3427 528 3488 294.
547 3426 615 3483 Gell.
633 3431 720 3481 noctt.
738 3429 796 3492 XV,
814 3432 858 3483 24.

228 3494 240 3534 ⁴
285 3495 539 3577 Nequen'derentiue
556 3496 609 3552 hoc
626 3497 730 3580 iactum
748 3515 807 3551 eeee
824 3501 915 3567 negat.
945 3497 1050 3553 Honori
1062 3499 1115 3552 eibi
1132 3498 1223 3563 vertit,
1240 3496 1295 3566 ipei

160 3565 729 3716 uruit.“attentarunt
742 3566 1297 3705 tit}attrtt‘tt‘rttttt’trtt

159 3706 234 3787 hcet,
251 3708 381 3786 quoniam
390 3705 622 3786 nequeScipionie
634 3711 683 3760 aut
695 3707 782 3760 Laelii
798 3710 931 3761 sermonis
949 3709 1098 3776 quidquam
1116 3709 1152 3762 ad
1169 3725 1220 3761 noe
1237 3723 1298 3776 per·

160 3780 237 3830 venet
253 3790 341 3842 neque
359 3791 383 3827 er
399 3776 466 3843 qum
485 3781 557 3830 eeeet
573 3784 712 3831 seruatum
729 3778 797 3831 haec
814 3780 903 3831 oratio
920 3780 1010 3833 eolutu
1035 3784 1109 3832 recte
1135 3795 1198 3832 cum
1223 3778 1299 3847 poeei

162 3848 446 3983 eomqpraffpprffl
466 3918 482 3968 7
500 3930 523 3968 e.
542 3932 569 3983 q.
586 3933 608 3968 e.

231 3983 253 4051 6)
284 3984 461 4066 ,Ευαηῒῑικᾶθ
474 3988 546 4054 trag.
564 3988 594 4038 et
609 4002 677 4041 com
697 3988 738 4051 rt,
758 3984 805 4040 11':
834 3987 907 4041 illud
928 3989 1012 4042 etiam
1039 3989 1112 4043 inter
1129 3992 1222 4043 cetera
1239 3988 1296 4041 eine

162 4052 244 4134 laude
261 4053 376 4136 dignum
389 4055 503 4136 urdetnr
519 4055 593 4124 qaod
609 4056 790 4126 locupletiora
807 4062 970 4127 argumente
985 4075 1020 4112 ex
1038 4059 1194 4127 duplicibus
1217 4074 1298 4128 nego·

164 4126 212 4174 tue
229 4123 362 4195 delegant
380 4125 416 4179 ad
434 4125 618 4179 ecmbendum.
