2930 4658
725 247 768 307 40

178 430 341 512 ingenium
362 433 460 513 atque
483 433 599 493 natura
620 429 699 492 satia
719 435 812 492 erant
834 428 993 511 descripta
1014 449 1117 511 neque
1138 429 1254 493 tertius
1268 429 1312 493 ia·

179 513 273 580 balae
293 514 397 578 nodus
417 514 464 579 ita
485 521 556 578 erat
576 513 699 579 solutus
722 518 758 577 nt
778 514 857 577 satia
871 512 982 577 illusus
998 519 1082 578 esset
1097 513 1196 579 miles.
1231 515 1313 591 Qua·

179 606 310 683 propter
331 600 434 665 denuo
456 599 488 662 hi
511 599 574 663 duo
595 598 800 676 inducuntur,
823 598 914 662 miles
935 600 989 680 qui
1013 620 1032 662 a
1054 599 1211 663 Phaedria
1225 603 1318 682 petat

170 684 325 768 quamvis
347 684 511 748 minimam
533 683 664 748 Thaidis
685 683 832 765 gratiam,
854 684 980 747 Gnatho
1003 691 1039 746 nt
1060 704 1184 748 omnem
1207 704 1317 747 aasen-

180 769 294 834 tatoris
323 769 539 834 humilitatem
568 770 702 852 aperiat.
756 768 844 846 Quae
873 768 912 832 de
943 767 992 832 his
1020 768 1143 834 duabus
1172 769 1317 851 personis

180 861 319 936 aguntur
340 861 474 938 apparet
495 854 534 917 de
557 853 670 918 Golaee
692 854 865 931 translata,
887 874 1079 935 quamquam
1102 875 1143 917 ne
1165 853 1225 917 hoc
1247 854 1318 935 qni-

180 940 252 1004 dam
272 939 341 1004 loco
363 940 545 1003 Terentium
566 939 695 1003 verbnm
718 939 758 1002 de
779 940 875 1003 verbo
903 937 956 1002 sed
984 940 1160 1003 sententias
1188 944 1315 1002 tautum

180 1024 361 1109 ingeniique
384 1024 609 1106 descriptiones
630 1024 830 1088 transtulisse
852 1023 1039 1107 putaverim.

266 1111 334 1187 Quo
354 1109 397 1173 ait
423 1108 492 1172 loco
523 1110 647 1175 initium
677 1109 972 1185 contaminationis,
1006 1109 1085 1172 satis
1115 1112 1165 1171 eat
1193 1107 1317 1191 perspi-

181 1216 286 1260 cuum.
332 1199 375 1257 Ac
404 1214 500 1258 scena
529 1199 559 1261 7.
587 1194 714 1276 quidem
744 1202 813 1258 tota
842 1193 967 1258 Golacis
995 1199 1052 1257 est.
1101 1193 1207 1256 Pauca
1238 1193 1316 1275 quin

181 1285 306 1345 mutata
334 1281 399 1343 sint
426 1299 490 1342 non
518 1278 737 1342 dubitandum.
789 1279 932 1362 Namque
953 1278 1086 1341 adnotat
1109 1277 1253 1341 Donatus
1273 1278 1315 1339 ad

112 1362 114 1366 ’
181 1366 219 1441 V,
233 1370 261 1443 7,
277 1370 314 1429 4:
339 1364 405 1429 Hie
433 1363 593 1427 Terentiae
614 1363 762 1446 exprimit
782 1362 1030 1427 consuetudinem
1056 1362 1090 1425 in
1111 1384 1174 1446 qua
1195 1362 1316 1444 &navia

180 1449 316 1514 rationes
336 1449 503 1512 criminum
525 1458 555 1511 et
575 1449 715 1530 anempla
735 1449 945 1531 suppeditant.
991 1450 1077 1511 Nam
1099 1448 1144 1511 aie
1165 1456 1193 1509 et
1218 1468 1314 1529 snpra

180 1537 219 1599 de
236 1534 369 1619 Pyrrho.
416 1533 450 1598 Si
471 1554 510 1597 ex
532 1554 569 1618 eo
591 1526 677 1616 qnod
698 1554 795 1616 snpra
817 1533 1040 1598 adnotavimus
1061 1533 1133 1614 (IV,
1146 1537 1180 1610 2)
1202 1531 1314 1596 Teren·

62 1699 66 1707 .
180 1622 261 1686 tium
284 1619 439 1701 Pyrrhum
461 1619 494 1682 in
517 1618 697 1682 Menandro
714 1639 777 1683 non
798 1618 928 1700 legisse,
950 1618 1095 1683 concludi
1118 1618 1205 1696 licet,
1227 1616 1313 1679 aliud

181 1705 361 1787 exemplum
383 1704 443 1769 hoo
464 1704 533 1768 loco
554 1704 640 1786 apud
663 1702 873 1767 Menandrum
895 1710 975 1767 erat.

267 1791 386 1855 Scenae
408 1788 522 1854 deinde
543 1792 571 1852 8.
595 1791 732 1872 priorem
750 1810 849 1871 usqne
867 1788 908 1852 ad
924 1809 952 1852 v.
965 1792 1013 1853 23.
1031 1796 1154 1873 partem
1171 1785 1317 1850 Eunuchi

182 1896 251 1940 ease
272 1882 422 1959 apparet,
445 1873 500 1938 sed
522 1880 679 1938 mutatam
702 1894 722 1937 a
743 1873 905 1950 Terenti03
939 1873 1094 1938 Parmeno
1116 1895 1198 1956 quae
1219 1873 1316 1935 inter-

181 1962 324 2044 loquitur
344 1959 385 2023 ab
407 1980 445 2024 eo
467 1959 591 2033 addita,
620 1980 679 2024 neo
700 1960 805 2023 minue
826 1959 1017 2041 interposuit
1038 1979 1120 2041 quae
1142 1958 1261 2021 Thraso
1283 1962 1316 2017 et

182 2045 310 2111 Gnatho
331 2045 416 2109 inter
437 2065 470 2108 se
491 2043 673 2127 loquuntur.
719 2046 807 2122 Quae
822 2066 838 2107 e
853 2043 967 2108 Colaee
982 2045 1147 2107 transtulit
1160 2041 1316 2121 incipiunt

183 2154 210 2194 r.
228 2136 277 2195 23.
311 2130 420 2213 Neque
437 2150 510 2193 vero
526 2129 604 2193 satis
627 2129 796 2193 artificiose
819 2134 922 2211 poeta,
944 2134 1110 2211 postquam
1127 2125 1314 2190 Phaedriam

182 2214 393 2281 exsultantem
415 2215 530 2297 gaudio
553 2215 705 2298 depinxit,
727 2220 885 2278 tacentem
907 2234 979 2277 enm
1001 2213 1079 2277 facit
1098 2213 1172 2276 dum
1194 2209 1319 2274 Thraso

183 2323 254 2369 cnm
283 2300 452 2364 Gnathone
481 2297 691 2382 colloquitur3
725 2300 797 2382 qnia
829 2298 913 2362 enim
943 2298 1103 2380 putaverit
1130 2295 1318 2360 Phaedriam

183 2395 250 2451 tam
273 2387 328 2450 din
350 2384 496 2449 siluisset
540 2384 616 2448 Eius
638 2384 723 2467 qnod
744 2384 785 2449 ad
808 2384 903 2446 finem
926 2394 974 2447 est
1002 2385 1086 2447 inter
1107 2381 1318 2454 Gnathonem,

184 2472 388 2548 Thrasonem,
411 2468 611 2547 Phaedriam,
630 2469 804 2533 Chaeream
820 2468 978 2552 colloquii,
1001 2473 1155 2551 quantum
1170 2487 1188 2530 e
1204 2465 1320 2530 Colace

184 2555 395 2640 desumpserit
416 2560 609 2637 quantumve
632 2554 670 2618 de
691 2575 749 2621 suo
770 2553 946 2630 addiderit,
980 2575 1040 2617 nou
1068 2550 1319 2615 diiudicandum.

185 2641 365 2708 addidisse·
382 2659 454 2703 aum
481 2659 594 2703 censeo
622 2640 688 2703 lere
718 2640 825 2703 omnia
855 2659 936 2721 quae
963 2637 1004 2701 ad
1026 2637 1155 2701 Thaidis
1177 2655 1320 2698 amorem

185 2728 279 2795 militi
302 2726 424 2790 licitum
446 2724 616 2807 pertinent,
639 2725 701 2788 nisi
718 2725 804 2793 ,forte
825 2733 927 2806 putes,
948 2723 1044 2793 etiam
1066 2723 1100 2785 in
1123 2722 1238 2785 Colace
1261 2719 1320 2783 mi·
1414 2746 1419 2751 ·

184 2813 273 2878 litem
294 2813 466 2875 iactantem
489 2809 530 2873 ab
551 2829 590 2872 aa
610 2829 707 2892 quam
722 2808 852 2872 amabat
865 2809 1031 2891 deceptum
1046 2827 1123 2871 esse.
1156 2807 1322 2872 Pertinent

186 2902 272 2962 certe
294 2895 442 2960 adhunc
464 2893 567 2957 locum
589 2915 627 2958 ea
649 2914 732 2976 quae
753 2894 899 2958 Donatus
921 2894 1055 2957 adnotat
1076 2892 1118 2956 ad
1141 2892 1198 2969 111,
1218 2895 1244 2970 1,
1260 2894 1319 2956 56:
1438 2906 1439 2909 ’

187 2983 253 3048 Hir
275 2980 432 3044 versieulis
452 3000 618 3061 paronam
639 2978 750 3042 militia
771 2987 800 3042 et
823 2977 1000 3043 Gnathonis
1021 2975 1245 3040 continentibus
1270 2967 1321 3038 oi-

186 3061 323 3148 κονομία
337 3064 507 3140 indaoitnr,
524 3065 608 3148 quod
621 3063 786 3127 redimita
795 3064 856 3147 fit,
877 3062 975 3141 facile
989 3062 1117 3124 militem
1131 3061 1219 3138 ferre
1228 3082 1321 3143 ponae

187 3151 334 3235 anteponi
346 3149 407 3214 abi
421 3148 625 3225 Phaedriam,
647 3149 703 3232 qui
723 3171 755 3212 se
774 3169 894 3231 semper
915 3147 1098 3211 intellexerit
1118 3168 1181 3210 non
1201 3145 1317 3211 amari.

188 3240 275 3304 Nam
297 3237 327 3301 ri
346 3235 403 3299 hoa
425 3234 526 3308 tollar,
550 3245 606 3297 ant
626 3235 833 3298 excindendae
847 3242 891 3295 eat
910 3231 1065 3301 Phaedria
1080 3241 1136 3295 ont
1157 3254 1195 3295 en
1216 3230 1321 3294 dolore

125 3349 127 3353 ¹
187 3322 297 3387 militia
317 3321 352 3385 in
374 3321 433 3383 hae
452 3319 566 3399 fabata
577 3319 626 3402 fit
646 3321 745 3383 eeitns
767 3317 914 3399 tropicus.
966 3317 1125 3400 Rectaque
1154 3315 1320 3380 adnotavit

188 3407 316 3491 Benfey,
338 3406 379 3470 ab
400 3406 469 3488 ipso
490 3404 650 3481 Terentio,
673 3403 756 3487 quod
780 3403 940 3477 convenit,
962 3403 1062 3467 videri
1085 3405 1258 3473 inventum,
1281 3404 1320 3460 ut

188 3494 280 3559 miles
300 3491 468 3576 pecuniam
491 3488 666 3554 Phaedriae
688 3490 790 3554 amori
811 3486 985 3571 praeberet
