2930 4658
269 1501 359 1579 Quod
382 1522 490 1566 omnes
513 1502 578 1566 fere
597 1502 811 1565 Romanorum
835 1501 1017 1566 comoediae
1038 1500 1191 1586 palliatae
1213 1506 1325 1586 poetas

184 1587 288 1650 facere
316 1586 460 1650 videmus
488 1596 525 1650 ut
553 1607 617 1650 uon
647 1586 749 1650 solum
772 1592 921 1669 repetant
944 1592 1132 1668 argumenta
1153 1606 1173 1650 a
1195 1587 1324 1652 Graecis

182 1670 363 1734 fabularum
387 1671 607 1755 scriptoribus,
631 1670 806 1734 sedetiam
829 1677 915 1734 totas
937 1671 1122 1735 recentioris
1144 1691 1226 1754 quae
1247 1670 1324 1736 dici·
1433 1731 1441 1747 ,

182 1761 236 1818 tur
258 1756 439 1819 comoediae
459 1755 584 1835 fabulas
600 1776 639 1819 ne
656 1776 719 1818 uuo
736 1755 864 1838 quidem
880 1761 1004 1819 mutato
1019 1775 1111 1820 versu
1126 1760 1324 1836 convertent,

183 1845 220 1902 ut
241 1840 385 1902 ardentes
406 1841 528 1903 iuuenes
549 1849 717 1923 raptasque
738 1839 772 1902 in
794 1859 932 1902 emmena
951 1839 1074 1921 puellos
1096 1839 1253 1923 elususque
1276 1862 1325 1902 ee·

183 1944 237 1985 nee
258 1925 412 2008 aptiorque
428 1946 489 2006 per
511 1929 616 1987 omniu
637 1945 738 1987 amoos
761 1925 864 2001 etiem¹
876 1924 1069 1989 Graecorum
1084 1923 1204 1992 *babitu
1227 1931 1324 2008 atque

181 2015 286 2087 reste,
316 2016 392 2090 toga
413 2011 534 2093 posita,
563 2016 688 2091 sumpto
711 2007 810 2090 p'allio
833 2007 986 2083 induant,
1019 2009 1118 2072 solem
1142 2009 1283 2091 linguam
1304 2030 1325 2073 a

182 2095 248 2156 suis
268 2100 389 2176 petant,
411 2094 451 2158 ab
473 2115 511 2158 eo
534 2113 620 2157 mors
643 2114 682 2156 ne
698 2093 881 2157 Terentium
904 2093 1032 2175 quidem
1055 2114 1126 2157 cum
1146 2092 1261 2157 Plauto
1284 2093 1323 2157 de

204 2178 284 2241 rimo
314 2178 382 2240 loco
409 2177 653 2242 contendentem
676 2177 856 2241 discessisse
879 2178 957 2240 satis
979 2183 1088 2241 notum
1111 2184 1169 2242 est.
1214 2177 1260 2241 Ne
1284 2198 1324 2242 ue

181 2199 242 2324 boc
264 2261 294 2325 ei
316 2262 393 2325 vitio
415 2263 526 2326 datum
549 2268 613 2341 est;
639 2282 775 2344 namque
794 2261 929 2324 inveniri
952 2268 1174 2342 argumentum
1196 2198 1324 2327 tabulae

181 2352 306 2410 ueteres
327 2367 388 2410 nun
411 2348 494 2410 tanti
517 2347 731 2413 aestimabant
752 2346 864 2428 quanti
888 2344 967 2409 bens
988 2346 1123 2410 describi
1146 2354 1242 2428 atque
1270 2366 1324 2410 ex-

181 2432 262 2514 poni·
280 2437 501 2510 argumentum
526 2452 627 2513 neque
650 2430 733 2494 unde
755 2436 838 2492 esset
859 2429 994 2514 petitum
1017 2451 1121 2514 neque
1137 2431 1227 2494 cuius
1242 2439 1325 2494 esset

180 2516 304 2596 generis
325 2516 499 2598 quidquam
522 2523 679 2580 curantes.
725 2515 795 2592 Qua
821 2514 861 2577 de
890 2534 924 2577 re
952 2516 1091 2578 omniurn
1122 2535 1204 2596 quae
1232 2514 1324 2578 nobis

180 2598 312 2663 relictae
333 2606 408 2683 suot
427 2599 609 2664 fabularum
632 2620 757 2682 semper
777 2597 843 2663 fere
865 2597 977 2662 eadem
999 2600 1085 2663 inter
1107 2619 1140 2662 se
1168 2607 1244 2662 sunt
1270 2618 1323 2661 ar·

180 2690 342 2764 gumenta.
387 2684 497 2767 Neque
519 2685 687 2749 Terentius
713 2682 841 2766 petiisse
873 2680 1044 2748 aGraecis
1073 2704 1106 2746 se
1135 2689 1323 2765 argumenta

179 2780 283 2850 neque
305 2767 472 2833 Menandri
494 2768 621 2833 fabulas
643 2767 845 2832 transtulisse
867 2775 983 2849 neget:
1020 2768 1056 2831 ln
1083 2767 1235 2843 Andriae,
1259 2767 1323 2830 Eu-

180 2852 285 2929 nuchi,
309 2853 672 2929 Heautontimorumeui‚
695 2852 862 2935 Adelphos
885 2852 1040 2935 prologis,
1070 2873 1109 2916 ex
1131 2850 1321 2933 quibusnam

179 2934 297 3000 fabulis
318 2936 448 3001 Graecis
472 2958 530 3001 sua
551 2937 692 3021 petierit,
714 2958 791 3019 prae
814 2958 847 3000 se
871 2937 941 3000 lert.

265 3020 353 3098 Quae
376 3043 473 3105 quum
497 3022 544 3085 ita
565 3029 680 3098 essent,
703 3022 771 3084 lieri
791 3020 905 3103 potuit,
928 3027 965 3082 ut
979 3038 1103 3085 summa
1117 3019 1266 3085 Terentio
1289 3022 1321 3086 in

180 3105 349 3170 comoediis
369 3107 545 3171 scribendis
567 3127 587 3169 a
608 3105 767 3170 veteribus
789 3104 911 3169 tributa
932 3103 974 3167 sit
996 3102 1066 3167 laus
1088 3124 1146 3167 nec
1167 3126 1229 3168 non
1256 3106 1321 3171 iam

181 3189 298 3271 populo
320 3191 477 3273 spectanti
498 3191 623 3255 fabulas
646 3197 775 3273 praeter
789 3189 947 3270 Hecyram
964 3208 1072 3252 omnes
1094 3188 1186 3253 valde
1207 3191 1321 3273 proba·

106 3310 109 3317 ·
180 3275 264 3336 verit
276 3277 311 3354 ¹).
357 3275 493 3339 Maxime
514 3275 728 3340 laudaverunt
742 3279 844 3337 artem
860 3273 929 3337 eius
943 3273 977 3336 in
993 3272 1128 3336 dicendo
1144 3290 1215 3338 cum
1232 3275 1321 3339 nullo

180 3357 274 3422 modo
296 3356 428 3422 effusam
451 3363 600 3442 omnique
622 3358 733 3422 humili
756 3368 790 3421 et
812 3357 941 3421 sordida
964 3355 1088 3420 dicendi
1117 3359 1242 3422 ratione
1271 3380 1322 3422 ca-

181 3453 303 3506 rentem
333 3450 401 3507 tum
432 3444 570 3526 eleganti
600 3443 737 3507 sermoni
766 3442 959 3505 simillimam
972 3443 1010 3517 ²).
1062 3441 1261 3526 Quamquam
1282 3465 1321 3508 eo

181 3527 249 3609 ipso
270 3529 339 3592 eius
362 3529 433 3610 puri
456 3530 610 3592 sermonis
631 3527 736 3591 studio
758 3527 877 3590 iactum
899 3533 956 3602 est,
978 3530 1015 3588 ut
1029 3524 1265 3592 desideraretur
1287 3529 1319 3592 in

181 3632 217 3674 eo
239 3612 340 3676 uirtus
363 3614 483 3677 comica
504 3620 600 3695 atque
622 3610 714 3675 furtis
735 3611 804 3688 illa,
827 3631 909 3693 quae
931 3609 1166 3676 comoediarum
1188 3612 1320 3696 scripto·

108 3697 112 3704 “
181 3695 268 3760 ribus
291 3717 371 3779 opus
400 3704 458 3775 eet,
486 3704 518 3762 et
546 3699 578 3761 in
608 3695 741 3759 dicendo
763 3702 796 3759 et
816 3695 850 3758 in
871 3694 994 3778 agendo
1016 3694 1063 3758 vis
1084 3695 1230 3779 iustoque
1251 3697 1319 3759 iure

181 3799 253 3843 eum
274 3781 408 3846 Plautus
428 3781 582 3846 facilitate
605 3786 638 3844 et
659 3778 834 3844 mobilitate
857 3799 967 3843 eorum
989 3779 1044 3862 qui
1066 3787 1167 3863 agunt
1187 3779 1319 3844 salibus·

253 3999 273 4066 ¹)
308 3999 335 4081 (ἓἰ
353 3999 464 4052 Sueten.
480 3995 634 4079 :Tranquilli
650 3995 709 4049 rell.
730 3995 772 4048 ed.
791 3995 864 4078 lloth
881 4014 910 4064 p.
931 3997 990 4050 292.
1021 4065 1026 4076 ι

245 4067 687 4205 terrente·tuturus
705 4065 835 4203 nn·
977 4063 1212 4132 Μ
1231 4064 1317 4120 vn

1058 4235 1090 4286 1*
