2930 4658
677 274 716 334 14

213 456 367 538 Propera,
390 475 511 520 accerse
531 453 605 518 dioc
625 454 680 538 qui
701 455 852 538 auferant
873 476 954 518 eam.
987 452 1065 538 qaid
1083 452 1172 528 stae?
1193 449 1271 534 quid

128 541 256 603 cessas?
276 562 321 604 eo.
369 542 406 604 17
429 539 487 604 hos
509 560 617 605 versus
639 539 786 607 afferunt.
831 540 900 618 Quo
921 538 1006 604 fecto
1033 537 1144 604 eodem
1175 536 1268 601 modo

128 644 192 709 quo
215 624 386 690 Bembinus
407 622 504 688 finem
526 624 653 692 fabulae
669 623 854 708 perhibent:

357 711 409 772 Ne
422 709 599 792 exspectetis
613 730 654 773 ss.
677 714 712 787 ¹).

215 793 264 857 Ex
278 793 418 878 quinque
432 793 593 860 codicibus
608 815 628 877 y
641 794 838 871 (hiarcinnus
854 812 935 857 saec.
950 791 1037 871 XII),
1060 790 1269 876 d(Ambrcsi·

129 897 211 941 anus
225 897 306 942 saec.
320 877 410 958 XIV)
424 878 694 962 e(Ambrosienus
709 882 732 942 Α
745 899 773 944 u.
789 882 870 942 1408
881 875 1054 961 perfectus)
1076 876 1270 939 recensionis

131 960 279 1046 Calliopii
312 970 401 1035 sunt:
437 962 627 1047 subscriptio
660 964 743 1027 enim
771 962 943 1044 Ociliopias
975 968 1112 1024 recenset
1142 980 1270 1024 scenam

130 1046 346 1130 praeceditis
369 1047 419 1111 iis.
449 1048 648 1130 Quamquam
671 1049 828 1124 coeteris,
850 1046 905 1130 qui
928 1051 985 1109 eut
1006 1045 1105 1109 solam
1122 1044 1270 1128 Calliopii

131 1131 346 1195 recensionem
368 1138 426 1196 aut
447 1134 579 1196 mixtam
601 1148 671 1196 eam
693 1154 763 1196 cum
781 1131 898 1195 Donati
917 1136 1095 1194 commento
1109 1129 1271 1206 exhibent,

131 1214 330 1281 discernendi
360 1222 435 1280 sunt
457 1223 632 1282 etcertum
655 1218 798 1281 codicum
821 1216 964 1280 ordinem
986 1213 1134 1278 efficiunt.
1180 1213 1270 1277 Cete-

131 1321 203 1364 rum
225 1321 245 1383 y
265 1307 297 1365 et
319 1300 340 1363 d
360 1321 399 1364 ex
421 1301 532 1365 eodem
553 1303 769 1386 manuscripto
798 1300 950 1366 oriundos
980 1320 1046 1364 esse
1077 1300 1270 1383 putaverim3

131 1384 164 1450 in
187 1392 323 1467 utroque
344 1387 428 1449 enim
450 1385 491 1450 ed
513 1384 608 1451 finem
631 1386 758 1451 fabulae
781 1386 890 1470 scripti
912 1392 987 1448 sunt
1009 1404 1126 1462 versus,
1148 1385 1180 1447 in
1203 1402 1239 1467 y:

217 1467 329 1533 Dulcia
352 1491 413 1553 qus
436 1469 545 1534 docuit
566 1469 681 1534 ductor
704 1492 743 1534 ne
766 1472 886 1554 respice
910 1470 1006 1532 verba
1153 1484 1157 1491 “

135 1638 142 1651 .
188 1552 356 1702 dMulceat
378 1562 414 1618 nt
426 1556 454 1636 ²)
476 1554 578 1619 dulcis
599 1560 662 1618 siste
677 1556 825 1638 esoriptio
841 1555 928 1619 heri:

132 1658 166 1701 m
216 1659 225 1702 :

221 1721 333 1786 Dulcia
354 1743 436 1805 quae
457 1722 566 1787 docuit
587 1722 678 1788 fictor
704 1729 755 1789 13,
769 1725 889 1806 respice
911 1722 1007 1786 verbe

219 1807 359 1871 Mulceat
381 1816 418 1871 ut
439 1806 540 1872 dulcis
562 1816 701 1873 mentem
722 1809 916 1892 conscripcio
938 1807 1016 1871 heri.

219 1892 289 1956 Duo
331 1892 384 1956 alii
425 1891 474 1955 illi
506 1893 630 1956 codices
660 1893 835 1957 Alteriinus
867 1898 900 1956 et
932 1891 1133 1956 Ebncrisnns
1164 1897 1272 1954 utrum

135 1976 288 2041 Bembino
318 1998 359 2040 an
391 1976 538 2060 Calliopii
570 1978 745 2042 recensioni
775 1976 935 2042 tribuendi
965 1977 1029 2039 siut
1058 1997 1099 2038 an
1129 1975 1272 2040 codicum

135 2060 239 2124 ordini
262 2069 401 2124 ceterum
425 2083 487 2126 non
512 2070 595 2140 noto,
619 2063 755 2126 discerni
778 2083 841 2126 non
863 2067 976 2145 potest.
1023 2060 1047 2123 E
1070 2062 1124 2143 qui
1148 2062 1274 2144 scripsit

135 2143 215 2208 haec
250 2145 401 2210 adnotat:
444 2147 542 2210 Home
569 2168 693 2209 scenam
725 2167 878 2230 nusquam
917 2144 995 2208 olibi
1028 2144 1094 2207 uidi
1124 2153 1272 2229 ptrquom

135 2229 388 2314 (praeterquam)
409 2230 443 2293 ire
466 2231 569 2294 codice
588 2231 727 2295 Terentii
747 2240 777 2314 qi
798 2249 815 2295 e
839 2230 908 2314 (qui
921 2232 979 2314 est)
1001 2229 1035 2292 ire
1057 2230 1173 2292 catenis
1188 2230 1275 2313 apeed

135 2335 197 2377 cem
212 2314 441 2393 (seminarium)
457 2315 646 2379 dominicum
658 2315 830 2379 Bononiae.
872 2315 927 2377 udi
950 2332 1008 2396 epa
1025 2314 1150 2397 (ipsam,
1170 2314 1272 2396 ipset)

135 2398 262 2481 repperi
274 2399 313 2460 de
327 2399 431 2462 littero
444 2401 612 2463 admodum
624 2403 766 2484 emtique,
783 2399 986 2481 superaddito
1000 2406 1102 2461 tamea
1114 2399 1272 2461 uidebatur

130 2493 204 2567 post
222 2484 398 2565 perfectum
421 2505 497 2566 opus
519 2484 598 2547 sicet
620 2484 730 2547 ethic.
777 2506 919 2567 quecca
939 2484 1040 2562 suerit
1066 2483 1204 2547 Terentii
1229 2485 1273 2546 oi-

136 2568 248 2632 dersmt
269 2566 337 2630 otii.
383 2590 436 2648 epo
458 2590 527 2632 cero
549 2569 600 2633 bic
621 2568 889 2632 transcribendum
916 2568 995 2631 duci
1021 2567 1054 2651 qi
1078 2586 1090 2634 t
1115 2568 1202 2653 (queis
1223 2569 1272 2653 im)

136 2652 338 2715 vetustissimo
360 2652 463 2715 codice
483 2663 512 2716 et
534 2654 664 2737 antiquo
686 2654 775 2725 ualde
797 2654 888 2716 litero
911 2653 1028 2734 scripto
1049 2662 1128 2716 erat.

220 2736 369 2813 Ceterum
391 2737 487 2802 verba
510 2737 590 2802 adeo
612 2748 762 2822 corrupta
784 2745 880 2820 atque
902 2737 1037 2802 obscuro
1057 2738 1179 2802 tradite
1199 2742 1275 2799 sunt

136 2827 174 2886 ut
202 2841 241 2885 ne
271 2823 402 2885 summis
424 2823 552 2905 quidem
574 2825 774 2904 meximeque
795 2823 893 2887 variis
914 2822 1104 2885 coniecturis
1125 2822 1274 2885 mutatio·

137 2906 292 2988 nibusque
313 2906 439 2990 singula
460 2907 705 2991 intellegantur3
730 2908 917 2991 praesertim
941 2928 960 2969 a
983 2926 1074 2970 versu
1089 2912 1137 2970 12.
1161 2907 1283 2970 misere

137 2992 331 3056 asententia
345 2993 544 3075 maximeque
566 3014 586 3056 a
609 2999 709 3056 metro
724 2993 873 3056 laborant
889 3011 1005 3054 versus.
1039 2991 1275 3057 Westerhovius

138 3075 234 3139 verba
255 3076 408 3140 intricata
429 3083 463 3140 et
484 3077 649 3153 absurdis,
681 3079 777 3140 immo
800 3077 938 3140 barbara
959 3085 1089 3157 questus
1111 3084 1175 3154 cst,
1207 3076 1274 3139 Rit-

138 3160 274 3224 schelius
296 3162 436 3244 permale
458 3161 606 3226 Bothium
631 3169 663 3226 et
678 3162 870 3224 Grauertnm
893 3181 1001 3224 versus
1023 3162 1207 3225 emendasse
1229 3162 1275 3224 iu-

138 3242 241 3320 dicat;
264 3247 447 3327 procudisse
469 3245 613 3310 inficetcs
635 3237 805 3310 versiculos
827 3253 860 3308 et
882 3245 929 3310 vel
952 3244 1102 3309 mediocri
1117 3253 1212 3329 pocta
1227 3247 1276 3309 in-

138 3328 264 3411 dignos,
288 3351 308 3393 a
329 3329 438 3412 lingua
460 3336 492 3394 et
513 3333 652 3395 numeris
675 3339 708 3395 et
729 3330 889 3394 sententia
910 3331 1089 3404 vitiosos3).

224 3414 306 3492 Quid
328 3415 405 3479 insit
426 3435 540 3479 scenae
562 3422 704 3499 apparet.
749 3416 836 3478 luter
858 3414 1068 3497 Pamphilum,
1092 3414 1276 3493 Charinum,

139 3496 350 3574 Chremetem,
373 3500 497 3563 Davum
512 3500 544 3563 id
560 3503 675 3581 egitur,
697 3507 734 3562 ut
749 3521 768 3562 a
784 3498 951 3581 Pamphilo
963 3498 1114 3563 Chremes
1128 3509 1276 3563 exoretur

138 3588 176 3646 ut
197 3583 415 3647 Philumenam
445 3584 544 3649 filiam
573 3605 594 3648 e
625 3585 790 3669 Pamphilo
818 3592 958 3668 spretam
988 3583 1126 3649 Charino
1155 3585 1277 3648 amanti

212 3829 232 3897 Ι)
269 3828 365 3895 Neque
383 3827 579 3882 Ambrosianus
596 3847 685 3897 neque
701 3829 857 3884 Marcianus
885 3829 955 3882 duos
977 3829 1026 3882 hos
1049 3827 1160 3881 ultimos
1184 3844 1278 3882 versus

139 3900 242 3952 hahere
270 3897 414 3963 videntum
439 3898 673 3966 Umpfenbachius
698 3900 771 3952 enim
794 3899 921 3963 adnotat,
951 3899 979 3951 in
998 3898 1179 3951 Ambrosisuo
1204 3915 1276 3951 esse:

140 3966 247 4022 Andria
257 3966 336 4036 finit,
355 3967 385 4019 in
402 3967 543 4022 Marciano
554 3968 646 4021 Putitii
662 3968 772 4021 terencii
787 3967 849 4038 afri
863 3966 961 4037 padria
970 3966 1049 4038 stne.

210 4039 235 4098 2)
270 4039 346 4106 leges
363 4035 481 4091 fortasse
500 4043 538 4091 at.

210 4107 233 4175 ³)
268 4122 385 4175 perergn
404 4107 464 4161 ost.
