2930 4658
747 270 767 332 9

186 455 232 520 nit
254 474 351 534 agens
373 453 426 518 sed
449 451 600 537 populum
623 457 748 518 tanturn
772 452 929 519 allocutus
951 453 1126 518 denunciat
1140 453 1269 519 missum
1289 471 1323 518 se

187 539 242 623 qui
265 537 465 623 Pamphilum
488 537 643 603 observet.
687 539 806 603 Iterum
829 557 1013 623 progressus
1036 538 1069 602 in
1090 558 1217 602 scenam
1239 536 1322 603 Oba-

185 625 275 687 rinus
296 623 366 706 (IV,
391 629 405 686 1
430 629 462 684 et
478 625 514 704 2)
536 629 665 687 accusat
686 623 830 687 homines
852 643 961 687 omnes
983 642 1051 686 esse
1072 621 1209 705 perfidos
1231 622 1323 687 Pam·

185 707 371 791 philumque
409 706 609 771 contumeliis
670 707 863 791 ersequitur‚
900 706 984 791 quod
1013 705 1191 772 Chremetis
1222 706 1323 771 filiam

187 793 355 857 ducturum
378 812 411 856 se
433 812 497 855 uon
520 811 588 855 esse
610 729 771 875 pollicitus
792 799 859 856 tum
881 797 987 856 tamen
1002 792 1099 856 ducat
1106 815 1115 869 3
1139 790 1218 855 nihil
1234 790 1323 857 aliud

187 877 300 941 deinde
328 877 412 957 agit,
444 895 539 959 quarn
562 882 598 939 ut
620 876 795 941 sententias
817 875 973 960 quasdam
995 876 1035 940 ad
1058 896 1201 959 eaquae
1223 895 1324 960 usque

186 982 223 1028 eo
245 967 335 1044 gesta
356 966 433 1025 suut
455 960 652 1042 pertinentes
675 960 807 1035 referat;
844 961 980 1043 denique
1008 960 1047 1024 ad
1078 960 1324 1025 lamentationes

184 1046 366 1109 revertitur.
409 1045 580 1128 Postquam
599 1045 713 1109 deinde
729 1045 822 1110 nodis
836 1047 950 1111 solutis
965 1067 1028 1109 non
1044 1045 1199 1122 interfuit,
1221 1062 1326 1110 reser-

6 1180 8 1187 .
67 1142 70 1149 ’
186 1151 240 1195 sus
262 1130 300 1208 V,
322 1134 340 1193 5
364 1129 454 1193 nulla
476 1150 510 1193 re
533 1149 635 1212 neque
657 1136 731 1194 acta
760 1151 862 1213 neque
891 1129 993 1209 diota,
1023 1130 1059 1208 V,
1083 1135 1121 1207 6,
1151 1133 1320 1214 postquam

187 1213 265 1297 quid
289 1214 334 1277 rei
357 1220 441 1278 esset
462 1212 593 1291 audivit,
616 1214 698 1297 petit
718 1234 737 1279 a
759 1214 926 1299 Pamphilo
948 1221 985 1280 ut
1005 1214 1152 1280 secundis
1173 1212 1268 1280 rebus
1289 1233 1324 1278 se

187 1298 345 1381 respiciat.
376 1299 524 1362 Ceterum
542 1297 621 1362 nihil
635 1299 675 1363 de
690 1318 741 1376 eo;
764 1320 828 1363 non
843 1300 1013 1384 respondet
1022 1298 1204 1383 Pamphilus
1215 1304 1324 1363 utrum

187 1383 274 1466 preci
295 1383 364 1446 eius
384 1403 503 1447 morem
529 1387 676 1465 gesturus
697 1383 739 1446 sit
760 1405 868 1448 necne.
912 1383 1028 1449 Omnes
1046 1384 1105 1448 has
1118 1391 1151 1448 et
1166 1403 1279 1446 soenes
1292 1388 1326 1447 et

187 1468 284 1532 verba
306 1467 347 1530 ad
371 1468 475 1550 ipsum
496 1466 623 1535 fabulae
646 1476 867 1552 argumentum
890 1468 936 1532 nil
952 1469 1079 1533 omnino
1094 1468 1255 1552 pertinere
1269 1487 1325 1564 ap·

186 1557 292 1636 paret3
314 1553 485 1616 maximam
509 1560 632 1635 partem
654 1552 751 1617 rerba
772 1560 849 1616 sunt
871 1553 1023 1635 vulgaria,
1045 1573 1127 1635 quae
1142 1572 1179 1616 eo
1194 1551 1326 1617 oonsilio

186 1636 273 1701 faeta
311 1634 458 1701 ridentur
494 1642 531 1700 ut
559 1636 667 1719 paullo
696 1636 869 1719 longiorem
900 1644 996 1721 poeta
1025 1636 1140 1701 efficiat
1172 1636 1324 1701 fabulam.

186 1721 360 1787 Stenarum
384 1721 438 1797 IV,
463 1726 477 1784 l
503 1725 575 1785 et2
606 1721 759 1785 maiorem
789 1728 912 1805 partam
943 1721 1036 1805 plane
1058 1722 1161 1785 omitti
1191 1721 1324 1800 licebat3

187 1826 270 1888 quae
300 1806 339 1868 iis
369 1806 478 1869 insunt
500 1804 561 1869 diei
583 1813 717 1889 apparet
739 1812 775 1870 ut
797 1812 980 1871 conteratur
1002 1807 1153 1891 temporis
1174 1806 1325 1890 spatium,

186 1911 245 1975 per
267 1890 353 1974 qnod
379 1889 484 1953 Davus
505 1910 602 1954 novos
624 1891 712 1954 dolos
735 1891 899 1975 excogitet.
938 1892 1138 1974 Quamquam
1153 1890 1325 1956 conceden-

151 1991 158 2002 ‘
187 1975 264 2040 dum
289 1980 346 2051 est,
370 1974 500 2038 Charini
523 1981 555 2037 et
577 1974 736 2059 Pamphili
759 1976 916 2058 colloquio
938 1976 1082 2040 immixto
1105 1984 1166 2039 non
1190 1980 1256 2039 tam
1273 1995 1325 2039 su·

187 2059 257 2124 bita
278 2080 382 2141 neque
404 2059 472 2123 uita
494 2057 640 2123 adhibita
662 2060 853 2143 cogitatione
875 2064 1001 2124 exstare
1022 2060 1104 2123 Davi
1126 2059 1267 2124 consilia.

271 2144 338 2209 Has
360 2144 458 2226 igitur
481 2163 592 2208 scenas
614 2146 731 2226 partim
755 2166 826 2209 oum
847 2144 987 2209 Andriae
1008 2145 1111 2209 scenis
1132 2145 1326 2227 coniungen-

187 2230 246 2295 das
269 2237 419 2312 (namque
441 2228 495 2304 IV,
522 2232 619 2292 let2
643 2237 765 2312 partem
789 2250 828 2293 ne
850 2231 883 2292 in
908 2229 1028 2294 Andria
1049 2229 1177 2312 quidem
1193 2229 1325 2294 Menan·

187 2316 238 2381 dri
260 2312 397 2378 defuisse
411 2312 682 2390 existimaverim),
704 2334 775 2377 cum
795 2315 909 2378 iterum
926 2313 1019 2379 vellet
1034 2313 1167 2378 eandem
1182 2312 1326 2379 fabulam

187 2403 221 2465 in
245 2418 341 2465 scena
362 2418 420 2481 pro
443 2417 524 2461 nova
545 2398 752 2476 committere,
774 2397 934 2463 addidisse
954 2398 1163 2463 Menandrum
1188 2397 1327 2463 Andriae

189 2505 265 2550 suae
296 2483 388 2566 eique
417 2501 518 2545 novae
546 2481 675 2546 fabulae
700 2482 883 2548 Perinthiae
912 2503 1026 2546 nornen
1056 2483 1207 2548 indidisse
1226 2490 1324 2632 puto.

190 2571 278 2647 Quae
300 2588 371 2631 cum
394 2566 434 2631 ad
457 2571 678 2648 argumentum
700 2567 803 2651 ipsum
827 2567 907 2630 nihil
935 2568 1080 2641 valeant,
1113 2575 1199 2632 reete

190 2676 253 2718 non
277 2654 323 2716 ita
345 2650 491 2715 dissimili
513 2670 581 2714 esse
605 2659 793 2733 argumento
816 2652 874 2716 has
896 2651 976 2715 duas
998 2652 1134 2716 fabulas.

275 2737 411 2801 Multum
434 2741 547 2816 poetae
569 2735 724 2820 profuisse
744 2742 822 2820 puto
844 2736 903 2800 has
924 2756 1043 2820 paucas
1057 2756 1168 2800 scenas
1183 2734 1325 2814 additae

189 2823 270 2888 dnos
291 2821 375 2886 enim
397 2839 455 2904 pro
477 2840 540 2883 uuo
561 2820 779 2902 spectantibus
800 2842 872 2884 oum
894 2820 1092 2903 praebuisset
1117 2839 1242 2885 amores
1268 2819 1327 2885 du·

189 2908 350 2994 plicesque
372 2903 517 2969 dolorum
538 2912 685 2984 eventus,
723 2905 863 2969 studium
893 2906 923 2968 ei
953 2904 1163 2988 spectantium
1196 2909 1326 2969 auctum

189 3013 256 3057 esse
279 3011 342 3055 nou
364 2987 518 3071 negarim.
563 2988 762 3072 Quamquam
786 2989 864 3053 mihi
886 2989 1013 3071 quidem
1039 3009 1121 3071 quae
1147 2988 1197 3052 his
1223 2989 1326 3053 scenis

172 3070 323 3142 'Charini
345 3081 379 3138 et
399 3072 554 3154 Byrrhiae
575 3073 686 3137 insunt
707 3075 785 3138 satis
808 3074 889 3138 levia
911 3077 944 3137 et
965 3074 1138 3137 mediocria
1158 3092 1327 3157 personae·

192 3180 253 3244 que
274 3159 362 3243 ipsae
382 3158 461 3222 satis
482 3156 589 3223 lentae
611 3157 772 3241 taediique
786 3159 901 3242 plenae
917 3156 1066 3222 videntur
1088 3179 1172 3234 esse3
1194 3155 1328 3222 Charini

190 3244 347 3328 imprimis
376 3261 511 3324 persona
542 3241 721 3306 miserrima
749 3249 781 3306 et
809 3241 1004 3308 flebilissime
1032 3249 1090 3306 est.
1138 3242 1206 3307 Has
1228 3241 1327 3323 igitur
1370 3261 1372 3265 ’

190 3348 302 3395 scenas
317 3326 483 3391 Terentius
504 3347 521 3390 e
538 3327 701 3391 Perinthia
723 3327 897 3393 transtulit.
943 3326 1087 3410 Namque
1108 3347 1180 3390 oum
1204 3326 1327 3410 aliquid

189 3418 276 3480 certe
298 3432 317 3477 e
336 3410 498 3475 Perinthia
519 3411 587 3494 ipse
609 3432 642 3476 se
664 3413 864 3476 transtulisse
878 3411 1077 3487 confiteatur,
1100 3432 1203 3495 neque
1218 3418 1326 3476 autern

189 3500 274 3563 inter
298 3494 451 3560 Andriam
473 3500 507 3560 et
528 3495 724 3560 Perinthiam
746 3496 835 3561 aliud
864 3496 1038 3579 quidquam
1069 3497 1212 3575 intersit,
1249 3495 1326 3579 quid

188 3588 291 3648 restat
320 3600 416 3666 quam
447 3586 483 3643 ut
512 3578 570 3643 has
600 3580 726 3645 additas
752 3601 863 3646 scenas
892 3599 963 3646 eum
994 3602 1011 3645 e
1035 3580 1198 3645 Perinthia
1220 3601 1327 3665 sump-

190 3668 267 3733 sisse
296 3674 453 3751 putemus.
507 3663 590 3729 Sunt
618 3672 681 3729 act.
704 3665 745 3743 ΙΙ,
771 3671 802 3744 Ι;
834 3664 874 3743 ΙΙ,
898 3671 932 3743 2;
955 3665 997 3743 ΙΙ,
1019 3670 1051 3743 ΙΙ;
1077 3666 1131 3744 IV,
1156 3665 1267 3744 1;1v,
1291 3671 1326 3744 23

190 3752 228 3831 v,
251 3757 269 3816 5
291 3756 324 3816 et
346 3755 375 3815 o.
1076 3755 1081 3761 ·

275 3836 385 3918 Neque
400 3834 474 3900 huic
489 3832 666 3899 sententiae
681 3833 811 3899 obstant
825 3854 908 3919 quae
930 3855 951 3899 a
971 3834 1130 3899 veteribus
1145 3832 1328 3899 auctoribus

190 3919 374 3986 Perinthiae
391 3939 446 3984 eas
460 3918 612 4002 reliquias
635 3938 702 3983 esse
724 3918 955 3984 affirmantibus
977 3919 1097 3984 tradita
1119 3924 1200 3982 sunt.
1243 3917 1326 3982 Na'm

190 4025 262 4069 oum
285 4004 409 4068 Andria
430 4009 463 4069 et
486 4002 649 4068 Perinthia
669 4002 811 4068 eiusdem
840 4004 905 4069 sint
932 4003 1112 4086 argumenti
1140 4009 1173 4066 et
1201 4007 1326 4066 senten·

191 4089 324 4169 tiaram,
357 4089 429 4173 quis
450 4087 520 4153 fieri
540 4088 681 4172 potuisse
702 4094 812 4171 neget,
846 4094 884 4153 ut
910 4093 944 4152 et
971 4088 1067 4155 verba
1095 4092 1128 4150 et
1149 4086 1327 4152 sententiae

1248 2568 1326 2647 icas,
