2930 4658
727 231 763 291 3l
948 258 978 305 aQ
1055 238 1252 337 ‚was

175 417 270 485 rerba
292 415 450 499 pertinere
471 433 589 498 paucos
611 413 778 481 Menandri
800 432 923 491 versus,
946 433 1025 498 quos
1047 412 1142 481 affert
1165 409 1308 479 Meiuelre

176 503 320 586 fragmen.
366 498 409 563 IV
431 519 462 650 p.
489 503 563 563 123:

424 606 495 647 ετα
516 586 551 647 rt
570 578 717 669 ποιήσιος
747 578 791 668 μὴ
814 579 993 666 προσέλθω
1012 579 1094 668 μηδὲ
1115 585 1170 647 riu

374 663 673 755 αὕτῆςκαλούσηςς

177 777 196 822 θ
220 808 228 822 ⁶
432 835 476 925 μὴ
498 831 654 940 θεομάχει
674 831 757 921 μηδὲ
778 827 941 935 προςᾴγου
960 840 1008 942 ars
1029 832 1196 919 πράγματι

372 929 531 1006 χειμῶνας
551 919 692 1007 erepere,
712 915 788 996 τούς
810 911 838 983 δ’
859 940 1051 1003 αναγκαιους
1071 921 1158 1006 φέρε.

176 1011 239 1079 iarn
263 1011 428 1075 adnotavit
449 1008 577 1090 Benfey.
623 1006 743 1071 Deinde
760 1004 916 1069 Phaedria
938 1028 992 1071 rus
1015 1007 1090 1071 ahit.
1126 1006 1191 1077 lam
1209 1007 1310 1077 Chae·

176 1118 232 1160 rea
261 1096 361 1159 irater
388 1096 455 1159 eius
478 1092 664 1176 Pamphilae
694 1110 787 1172 quam
819 1089 900 1153 forte
930 1098 1100 1175 aspexerat
1128 1112 1236 1159 amore
1257 1094 1310 1161 in·

177 1200 289 1245 census
311 1179 453 1254 advenit,
488 1200 508 1242 a
535 1199 624 1242 servo
652 1177 732 1259 petit
760 1181 796 1238 ut
821 1193 854 1237 se
876 1175 909 1237 in
931 1196 971 1239 ea
992 1175 1149 1259 potiunda
1169 1177 1309 1253 adiuvet.

178 1265 342 1328 consilium
367 1264 573 1328 Parmenonis
595 1270 631 1325 ut
654 1268 737 1323 veste
760 1257 895 1323 eunuchi
918 1268 1028 1324 utatur
1049 1261 1211 1331 suadentis
1237 1283 1309 1346 pro·

178 1351 241 1421 hat.
265 1357 387 1413 mutata
409 1356 494 1411 veste
517 1349 557 1411 ad
572 1345 725 1413 Thaidem
747 1344 884 1407 ducitur.
929 1345 1038 1410 Prodit
1053 1345 1203 1411 Chremes
1220 1347 1309 1415 Pam*

176 1434 282 1518 philae
304 1433 403 1499 frater
424 1433 640 1515 Thaidemque
661 1430 815 1494 convenit.
859 1428 989 1495 Interim
1006 1428 1148 1497 Chaerea
1169 1432 1312 1501 facinue

176 1520 316 1603 perlecto
338 1519 432 1583 domo
454 1520 535 1591 exit,
566 1517 643 1599 quid
663 1514 895 1598 perpetraverit
916 1523 1042 1588 narrat,
1072 1516 1149 1580 abit.
1200 1516 1311 1585 Paullo

176 1611 247 1688 post
262 1604 346 1668 redit
362 1603 528 1680 Phaedria,
551 1622 571 1665 a
593 1601 707 1683 Pythia
729 1600 768 1664 de
792 1600 903 1665 vitiata
924 1601 1044 1681 virgine
1066 1600 1181 1669 certior
1201 1600 1247 1678 fit
1270 1601 1312 1669 ab

175 1690 321 1754 eunucho
344 1689 493 1752 edocetur
515 1687 644 1753 fratrem
668 1685 791 1749 facinus
813 1691 1021 1767 perpetrasse.
1067 1687 1251 1763 Quaedam
1278 1688 1310 1755 iu

175 1795 271 1838 scena
294 1781 445 1856 aguntur.
475 1771 571 1835 Thais
592 1771 750 1835 Chremeti
771 1769 929 1852 persuasit
952 1769 1149 1852 Pamphilam
1172 1773 1240 1837 eius
1262 1791 1311 1841 so·

175 1879 279 1922 rorem
297 1877 365 1920 esse
380 1864 412 1920 et
427 1858 542 1933 civem;
566 1864 600 1918 at
623 1855 732 1920 ecdem
753 1859 895 1936 tempore
916 1854 1061 1919 vitiatam
1082 1876 1151 1919 earn
1175 1856 1310 1923 aChae·

175 1965 231 2008 rea
253 1942 426 2026 comperit;
450 1941 594 2005 Chaerea
610 1958 752 2006 reversus
773 1958 843 2001 eam
866 1939 897 2002 in
921 1941 1160 2005 matrimonium
1182 1961 1215 2005 se
1237 1941 1312 2011 duc·

175 2038 284 2095 turum
305 2027 467 2110 promittit
488 2026 515 2091 si
537 2027 620 2090 cives
641 2027 691 2089 sit.
735 2023 826 2100 Quod
848 2024 895 2087 ita
916 2044 1000 2104 esse,
1022 2027 1051 2090 ei
1073 2045 1093 2091 a
1116 2027 1239 2093 nutnce
1260 2047 1313 2091 ar·

177 2115 292 2177 cassita
313 2111 525 2195 persuadetur
544 2115 577 2193 ¹).

262 2197 341 2260 Cum
364 2196 484 2260 Thaide
507 2203 539 2258 et
560 2194 683 2259 nutrice
707 2191 848 2271 Chaerea
871 2193 997 2261 domum
1020 2196 1121 2261 intrat
1150 2202 1187 2263 ut
1217 2216 1313 2279 spon·-

182 2279 261 2343 salia
282 2279 369 2344 fiant.
419 2281 530 2345 Paullo
557 2285 629 2365 post
659 2278 812 2345 Parmeno
840 2300 1001 2357 reversus,
1033 2300 1104 2347 cum
1134 2301 1173 2349 ex
1196 2280 1313 2364 Pythia

182 2363 354 2427 Chaeream
384 2366 488 2447 puniri
518 2367 629 2430 audiat
656 2370 836 2445 correptum
868 2365 900 2427 in
931 2364 1086 2443 facinore,
1116 2367 1200 2449 patri
1228 2365 1312 2435 forte

181 2448 363 2516 advenienti
390 2456 490 2515 tutam
520 2472 585 2514 rem
617 2448 733 2533 aperit,
771 2450 824 2532 qui
851 2455 887 2514 ut
911 2448 1012 2513 filium
1034 2458 1160 2534 repetat
1181 2451 1310 2517 Thaidis

181 2533 308 2601 domum
328 2535 489 2619 ingressus
511 2536 616 2603 omnia
638 2535 755 2617 optime
777 2555 810 2598 se
831 2532 949 2599 hahere
963 2534 1127 2617 intellegit,
1151 2536 1312 2605 Chaereae

180 2621 416 2684 matrimonium
439 2623 567 2704 probat,
590 2619 741 2685 Thaidem
765 2620 797 2683 in
821 2617 952 2685 tutelam
976 2620 1097 2703 recipit.

264 2704 352 2769 Haec
380 2707 498 2787 optime
520 2708 605 2769 inter
626 2725 659 2768 se
681 2705 850 2771 coniuncta
870 2710 953 2768 sunt.
998 2705 1178 2771 lnanieram
1200 2704 1308 2773 latius·

178 2811 239 2872 que
274 2790 392 2872 perscri
418 2799 481 2852 tam
516 2791 676 2873 putareris
705 2810 775 2853 eam
809 2795 931 2872 partem
965 2810 1028 2872 qua
1056 2790 1211 2859 Parmeno
1239 2810 1311 2857 cum

179 2874 338 2941 Phaedria
360 2811 549 2954 colloquitur
570 2874 671 2957 (apud
694 2873 877 2941 Terentium
898 2872 939 2948 11,
965 2875 1006 2951 1),
1028 2878 1125 2957 atque
1148 2881 1233 2943 reete
1255 2876 1310 2945 ad·

180 2967 305 3023 notasse
325 2956 471 3022 Donatus
493 2957 633 3023 videtur:
655 2960 727 3023 Iam
749 2957 937 3027 amatorium
960 2960 1187 3043 multiloquium
1209 2968 1238 3023 el
1258 2981 1310 3023 on·

182 3041 349 3127 alloquium
372 3042 506 3106 eontinet
527 3042 587 3104 lato
609 3043 711 3114 actim·
732 3065 805 3105 uam
828 3052 857 3104 et
878 3043 987 3125 repetit
1008 3048 1090 3128 quod
1109 3044 1175 3111 iam
1195 3044 1312 3111 diuam

182 3134 227 3189 est
255 3137 284 3188 et
311 3127 346 3189 id
365 3127 456 3209 facil
484 3126 583 3209 mupu'a
612 3135 641 3191 et
669 3127 771 3189 odiose
792 3127 896 3191 mimia.
943 3128 1005 3194 Sed
1027 3129 1210 3197 Terentium
1234 3130 1311 3194 hacc

179 3211 227 3359 {lta
250 3210 334 3293 apud
355 3210 562 3279 Menandrum
584 3212 741 3279 invenisse
763 3233 865 3295 neque
887 3221 1011 3281 mutare
1033 3214 1167 3281 voluisse
1195 3220 1312 3298 putan-

203 3317 257 3359 um
280 3301 337 3357 est.

268 3380 383 3443 Eorum
407 3402 484 3462 quos
500 3382 641 3447 Meinelre
658 3382 803 3447 Eunuchi
818 3381 1002 3457 Menandrei
1025 3404 1092 3451 esse
1112 3382 1196 3448 locos
1218 3382 1313 3449 affert

180 3467 317 3551 primunr
355 3452 449 3543 οὗτός
477 3464 548 3533 ἐστι
575 3464 736 3554 γαλεώτης
763 3467 862 3551 γέρων
889 3468 930 3532 ad
954 3469 1006 3543 IV,
1031 3475 1059 3544 4,
1084 3472 1119 3532 21
1152 3471 1311 3552 pertinere

180 3554 243 3619 iam
273 3550 439 3616 adnotavit
462 3552 603 3619 Donatus
624 3555 663 3619 ad
687 3553 718 3618 h.
740 3552 760 3614 l.
806 3550 919 3617 Cetera
940 3573 1022 3635 quae
1043 3553 1077 3616 in
1099 3553 1312 3637 compluribus

181 3635 387 3719 scriptoribus
407 3637 622 3716 inveniuntur,
656 3658 753 3720 quum
784 3657 943 3719 perpauca
971 3638 1037 3705 sint
1062 3638 1159 3703 rerba
1186 3659 1312 3722 prover·

182 3719 286 3802 biiqne
306 3720 374 3785 loco
397 3723 499 3804 posita
522 3723 696 3801 videantur,
719 3741 789 3784 cum
812 3727 898 3785 certo
920 3722 1058 3804 quodam
1080 3723 1220 3791 Terentii
1242 3723 1311 3791 loco

183 3803 318 3868 conferri
341 3806 393 3871 vix
415 3814 550 3890 oportet·

251 4005 274 4074 2)
309 4005 367 4063 Hoc
383 4009 490 4060 tantum
509 4001 706 4055 sententiarum
723 4017 802 4067 nexu,
820 4019 875 4071 qua
892 4004 928 4058 de
945 4020 1028 4058 caum
1040 4010 1196 4059 amoenatur
1208 4008 1310 4074 nutrix,

180 4080 306 4145 apparet3
324 4091 443 4143 namque
459 4071 597 4127 Chremeti
614 4071 670 4127 iam
687 4086 845 4137 persuasum
863 4077 923 4131 erat
939 4075 1024 4143 signia
1040 4091 1058 4135 a
1075 4074 1183 4139 nutrice
1200 4078 1311 4145 agnitio.
