2930 4658
729 267 771 328 38

267 451 367 513 Actus
388 449 491 532 quinti
513 412 634 535 priores
655 469 711 516 sex
732 470 842 515 scenae
866 471 904 515 ex
921 449 1076 515 Eunucho
1091 457 1233 533 sumptas
1248 472 1313 516 esse

181 541 325 619 apparet.
369 534 489 613 Quibus
511 535 614 600 scenis
636 535 677 600 ad
700 557 771 600 eum
794 536 888 600 linem
911 534 1098 620 perducitur
1123 536 1247 610 fabula,
1279 545 1314 602 ut
1418 536 1420 597 ἑ

180 620 305 704 paucis,
340 640 422 703 quae
443 619 481 696 V,
504 625 523 685 8
546 619 716 686 adnuntiat
739 621 896 696 Chaerea,
927 639 1039 685 scenae
1068 628 1176 686 sextae
1198 622 1313 687 additis
1418 654 1420 703 t

181 704 327 769 concludi
348 705 456 787 possit.
501 708 642 789 Apparet
662 726 773 770 scenas
799 712 828 771 7.
851 713 884 770 et
906 709 936 770 8.
963 705 1089 769 additas
1118 726 1186 770 esse
1214 707 1312 771 aTe-
1418 722 1420 729 ’

179 789 293 868 reatin,
316 794 352 854 ut
372 790 547 873 parasitum
571 790 767 874 militemque
788 791 903 855 iterum
926 790 958 855 in
982 811 1108 855 scenam
1128 791 1314 875 produceret
1419 836 1420 861 r

180 873 413 957 Thrasonisque
434 873 520 939 illusi
541 875 711 941 stultitiam
734 877 970 958 vanitatemque
985 876 1176 941 ostenderet.
1205 877 1313 962 Neque

181 980 255 1025 vero
276 960 384 1024 omnia
404 981 468 1024 uno
489 961 663 1045 eodemque
685 967 781 1045 atque
803 961 888 1043 apud
914 961 1122 1026 Menandrum
1146 962 1240 1027 modo
1263 964 1313 1045 agi
1418 978 1420 1031 ἕ

203 1050 268 1110 uto.

180 1067 202 1130 p
265 1129 325 1194 Sed
349 1134 519 1213 antequam
543 1129 582 1194 de
604 1130 664 1196 hac
686 1152 720 1195 re
742 1131 855 1206 dicam,
877 1131 1035 1215 paneade
1055 1130 1245 1197 scholiastae
1267 1154 1312 1198 er·

179 1234 252 1279 rore
274 1212 388 1278 afferre
410 1215 515 1279 liceat.
560 1216 606 1278 Ad
630 1216 666 1293 V,
692 1219 720 1293 2,
746 1219 785 1280 66
808 1217 958 1280 adnotat:
997 1218 1071 1279 Noa
1099 1226 1144 1279 ert
1172 1218 1312 1282 additam

179 1298 267 1363 cuiue
279 1301 403 1384 frater,
428 1307 530 1383 utpote
550 1300 584 1363 in
606 1323 641 1364 re
661 1300 842 1378 manifesta.
889 1302 938 1364 Ex
959 1301 1000 1365 iis
1022 1322 1104 1384 quae
1125 1302 1165 1365 ad
1184 1303 1219 1374 V,
1232 1307 1261 1373 2.
1274 1309 1311 1368 69

179 1384 391 1449 adnotantur:
415 1384 627 1461 Manifestum
650 1395 711 1462 eat,
735 1407 792 1448 car
814 1386 961 1450 meretrix
981 1387 1071 1448 docta
1093 1387 1311 1470 capiendorum

179 1469 322 1534 iuvenum
341 1469 468 1553 praeire
488 1471 560 1534 uelit
574 1470 742 1534 Chaeream
765 1480 795 1534 el
815 1471 848 1534 in
870 1471 1077 1557 consequendo
1098 1471 1167 1554 ipsa
1188 1472 1229 1536 eil
1251 1482 1312 1536 tar-

179 1554 260 1618 dior.
315 1554 390 1617 Vah
418 1555 499 1618 enim
529 1554 659 1618 liberem
688 1555 755 1619 rime
775 1556 903 1619 arbitria
924 1579 993 1619 eam
1014 1556 1119 1638 puella
1137 1579 1203 1632 ,esre
1224 1559 1311 1621 eollo·

179 1639 263 1725 qiam
286 1648 315 1702 et
336 1639 453 1703 licitum
475 1662 623 1703 amorem.
669 1641 746 1704 Nisi
761 1642 847 1722 forte
866 1649 1014 1724 partemue
1041 1642 1217 1706 Terentium
1238 1642 1311 1706 haee

178 1724 361 1789 cinereum
381 1724 505 1805 secisse,
530 1726 585 1809 qai
606 1725 647 1789 sit
667 1726 943 1807 artificiosissimus
960 1735 1062 1809 poeta.
1110 1729 1196 1790 Nam
1219 1749 1310 1827 aeque

179 1810 250 1891 ipra
282 1808 457 1892 inpredilur
487 1832 556 1873 eam
591 1811 729 1874 Chaerea
758 1834 855 1896 neque
886 1811 1010 1894 inpredi
1040 1811 1136 1875 amul
1160 1813 1313 1895 permittit

179 1894 384 1959 Phaedriam.
411 1895 599 1960 Phaedriam
613 1896 772 1961 Chaereae
782 1896 913 1960 fratrem
930 1917 959 1961 v.
969 1900 1018 1960 66.
1036 1895 1077 1961 ab
1091 1917 1128 1961 eo
1143 1898 1314 1980 significari

178 1986 323 2065 apparet.
366 1980 426 2045 Sed
450 1981 527 2063 quid
550 1980 608 2045 sibi
632 1981 710 2046 velit
729 1982 789 2046 hoc
803 1981 872 2047 loco
889 1981 1047 2046 Phaedria
1061 1981 1241 2061 adveniens,
1263 1983 1314 2048 cui

177 2065 211 2130 in
234 2085 327 2130 scena
349 2065 430 2130 nihil
451 2066 609 2147 agendum
631 2067 682 2146 sit,
704 2087 766 2130 non
783 2066 861 2131 satis
875 2066 1079 2150 intellegitur.
1114 2068 1313 2152 Quamquam

178 2150 322 2215 Donatus
344 2150 498 2234 explicat,
521 2151 646 2234 quade
668 2172 764 2216 cauea
786 2152 882 2216 Thais
904 2152 1159 2236 appropinquare
1181 2151 1313 2217 fratrem

177 2235 354 2315 renuntiet3
377 2256 415 2299 ea
431 2235 514 2300 enirn
531 2257 566 2301 re
582 2237 698 2301 moveri
716 2236 890 2300 Chaeream
913 2245 950 2300 ut
965 2236 1091 2300 domum
1107 2238 1206 2301 intret
1222 2238 1313 2302 Pam·

175 2320 357 2406 philamque
380 2322 552 2384 conveniat.
592 2326 638 2385 nt
661 2342 723 2387 non
748 2322 856 2406 prodit
878 2321 1035 2386 Phaedria
1057 2324 1148 2406 qnasi
1175 2323 1313 2388 advoca-

176 2415 242 2482 tus;
278 2425 379 2493 neque
402 2406 539 2470 Terentii
562 2412 610 2470 eet
631 2407 678 2472 ite
697 2413 822 2472 tentum
845 2427 998 2491 personas
1026 2408 1184 2473 nominari
1213 2414 1250 2472 ut
1277 2415 1312 2474 in

176 2509 304 2555 scenam
333 2510 394 2553 non
426 2491 590 2573 prodeant.
646 2492 776 2557 Accedit
807 2491 892 2575 quod
922 2492 1006 2557 domi
1036 2514 1112 2556 6666
1140 2514 1212 2557 eum
1243 2514 1312 2558 esse

177 2576 375 2640 demonstrat
390 2576 545 2641 Parmeno
566 2576 663 2640 uisam
685 2579 809 2640 domum
832 2576 1015 2641 exclamans
1037 2578 1113 2654 Ἡ,
1128 2582 1174 2642 12.
1212 2578 1311 2643 Phae·

176 2661 248 2726 dria
269 2659 380 2743 igitur,
411 2667 578 2744 postquam
602 2662 655 2734 IV,
678 2667 708 2740 4,
731 2667 771 2726 49
800 2662 928 2726 domum
956 2683 1027 2726 cnm
1055 2662 1141 2726 llavo
1168 2663 1312 2742 intravit,

176 2767 241 2812 666
263 2746 377 2813 exiisse
398 2747 430 2810 in
454 2767 579 2809 scenam
601 2747 764 2829 putandus
785 2753 842 2824 est,
865 2753 1035 2833 antequam
1053 2747 1125 2821 V,8
1147 2749 1313 2813 aParme·

176 2851 259 2897 none
281 2836 502 2896 arcesseretur.
547 2831 618 2896 Non
640 2831 851 2897 dubitandum
874 2832 972 2913 igitur
993 2836 1086 2915 puto,
1116 2834 1191 2916 quin
1215 2833 1314 2898 Thais

175 2916 237 2981 hoc
258 2915 342 2994 loco,
365 2915 496 2981 fratrem
521 2937 592 2981 cum
615 2916 715 2994 dicat,
743 2915 900 2999 significet
922 2917 1120 2982 Chremetem
1143 2917 1312 2981 advenien-

176 3007 256 3079 tem,
287 3000 430 3066 Chaerea
452 3001 553 3066 oculis
574 3002 615 3066 ad
637 3002 858 3066 advenientem
881 3022 944 3065 non
967 3003 1125 3067 conversis
1145 3000 1314 3082 intellegat

176 3085 376 3151 Phaedriam.
420 3087 488 3151 Hoc
511 3108 582 3151 cum
611 3087 782 3152 scholiasta
813 3085 943 3169 quidam
973 3088 1077 3150 minus
1104 3088 1313 3169 perspexerit,

176 3173 272 3236 etiam
294 3170 447 3235 Thaidem
470 3171 660 3236 Phaedriam
682 3171 862 3254 significare
884 3179 974 3237 ratus
1002 3171 1183 3236 adnotavit:
1216 3195 1314 3257 neque

174 3257 244 3339 ipra
259 3279 285 3319 e.
298 3279 328 3340 q.
347 3279 371 3320 a.
418 3257 506 3336 Quae
528 3278 598 3320 cum
622 3259 669 3321 ita
690 3259 756 3321 sint
779 3256 857 3320 haec
878 3257 975 3322 verba
997 3256 1088 3320 nihili
1112 3257 1313 3321 aestimanda

176 3341 372 3424 delendaque
394 3349 480 3426 puto.

261 3426 321 3490 Sed
344 3427 419 3510 quid
443 3433 491 3491 eet
512 3446 626 3490 causae
648 3426 731 3509 quod
755 3425 851 3490 Thais
874 3427 1000 3490 domum
1021 3428 1119 3491 intret
1134 3446 1236 3510 neque
1251 3447 1311 3489 nu·
1414 3422 1415 3427 ’

175 3510 286 3577 tricem
311 3513 343 3574 in
366 3532 461 3576 scena
482 3517 659 3594 exspectet,
692 3517 725 3574 et
752 3532 848 3593 quam
871 3513 994 3576 ratione
1016 3510 1170 3595 probabili
1193 3510 1311 3574 adduci

174 3604 267 3682 putes
291 3596 482 3671 Chaeream,
516 3604 553 3660 ut
579 3596 768 3659 Phaedriam
799 3595 929 3661 fratrem
961 3595 1112 3660 advenire
1140 3596 1313 3673 existimet,

175 3702 294 3766 quuurn
323 3703 349 3744 v.
374 3686 424 3746 62.
448 3681 525 3746 satis
554 3681 718 3765 perspicue
746 3679 943 3746 Chremetem
975 3681 1184 3745 adventurum
1213 3680 1316 3746 Thais

175 3766 380 3831 nuntiaverit.
424 3766 556 3849 Iamque
577 3767 658 3844 ride,
681 3786 777 3849 quam
800 3787 861 3829 non
886 3767 1076 3831 cohaereant
1097 3786 1179 3848 quae
1198 3787 1315 3831 scenae

175 3853 289 3917 tertiae
311 3852 419 3915 insunt
440 3852 538 3915 verba
560 3857 659 3914 ‘move
683 3858 713 3915 te
736 3872 791 3915 oro
815 3872 841 3915 6.
864 3872 892 3934 q.
914 3873 937 3915 s.
960 3872 1060 3934 usque
1083 3850 1123 3916 ad
1146 3858 1318 3936 exspectat

176 3936 271 4000 domi’
293 3942 336 4013 (v.
359 3937 458 4019 2-8)
480 3956 582 4019 neque
603 3956 673 3999 cnm
697 3936 736 3999 iis
763 3957 844 4018 quae
874 3937 1067 4000 antecedunt
1095 3956 1199 4018 neque
1230 3959 1316 4020 quae

175 4029 352 4103 sequuntur
372 4020 504 4102 Pythiae
526 4020 638 4084 verbis.
682 4020 718 4084 Id
742 4020 877 4104 denique
899 4042 1028 4098 moneo,
1058 4041 1153 4102 quam
1178 4021 1316 4085 ridicule

176 4104 326 4169 Chremes
341 4104 539 4188 Sophronam
558 4125 614 4188 per
635 4125 762 4168 scenam
785 4113 860 4187 agat
881 4127 1040 4188 quamque
1061 4105 1168 4185 inepte
1189 4104 1314 4169 dictum
