<?xml version="1.0" encoding="UTF-8"?>
<!DOCTYPE html PUBLIC "-//W3C//DTD XHTML 1.0 Transitional//EN"
    "http://www.w3.org/TR/xhtml1/DTD/xhtml1-transitional.dtd">
<html xmlns="http://www.w3.org/1999/xhtml" xml:lang="en" lang="en">
 <head>
  <title>
</title>
<meta http-equiv="Content-Type" content="text/html;charset=utf-8" />
  <meta name='ocr-system' content='tesseract 3.04.00' />
  <meta name='ocr-capabilities' content='ocr_page ocr_carea ocr_par ocr_line ocrx_word'/>
</head>
<body>
  <div class='ocr_page' id='page_1' title='image "./quaestionestere01braugoog_0011.png"; bbox 0 0 2930 4658; ppageno 0'>
   <div class='ocr_carea' id='block_1_1' title="bbox 571 1440 844 1551">
    <p class='ocr_par' dir='ltr' id='par_1_1' title="bbox 571 1440 844 1551">
     <span class='ocr_line' id='line_1_1' title="bbox 571 1440 844 1551; baseline -0.004 0"><span class='ocrx_word' id='word_1_1' title='bbox 571 1440 844 1551; x_wconf 81' lang='lat' dir='ltr'><strong>ludria.</strong></span> 
     </span>
    </p>
   </div>
   <div class='ocr_carea' id='block_1_2' title="bbox 84 1766 1295 3965">
    <p class='ocr_par' dir='ltr' id='par_1_2' title="bbox 84 1766 1295 3965">
     <span class='ocr_line' id='line_1_2' title="bbox 225 1766 1274 1852; baseline -0.002 -20"><span class='ocrx_word' id='word_1_2' title='bbox 225 1768 296 1852; x_wconf 90' lang='lat' dir='ltr'><strong>lpse</strong></span> <span class='ocrx_word' id='word_1_3' title='bbox 312 1768 480 1834; x_wconf 74' lang='lat' dir='ltr'>Terentius</span> <span class='ocrx_word' id='word_1_4' title='bbox 501 1769 533 1832; x_wconf 89' lang='lat' dir='ltr'><strong>in</strong></span> <span class='ocrx_word' id='word_1_5' title='bbox 551 1769 689 1834; x_wconf 88' lang='lat' dir='ltr'><strong>Andriae</strong></span> <span class='ocrx_word' id='word_1_6' title='bbox 711 1769 851 1852; x_wconf 83' lang='lat' dir='ltr'>prologo,</span> <span class='ocrx_word' id='word_1_7' title='bbox 874 1766 977 1850; x_wconf 89' lang='lat' dir='ltr'><strong>qualis</strong></span> <span class='ocrx_word' id='word_1_8' title='bbox 999 1766 1164 1830; x_wconf 84' lang='lat' dir='ltr'><strong>Menandri</strong></span> <span class='ocrx_word' id='word_1_9' title='bbox 1188 1766 1274 1830; x_wconf 87' lang='lat' dir='ltr'><strong>labu-</strong></span> 
     </span>
     <span class='ocr_line' id='line_1_3' title="bbox 140 1850 1278 1937; baseline -0.002 -22"><span class='ocrx_word' id='word_1_10' title='bbox 140 1853 200 1930; x_wconf 85' lang='lat' dir='ltr'><strong>lae‚</strong></span> <span class='ocrx_word' id='word_1_11' title='bbox 223 1874 263 1915; x_wconf 85' lang='lat' dir='ltr'><strong>ex</strong></span> <span class='ocrx_word' id='word_1_12' title='bbox 285 1852 400 1935; x_wconf 89' lang='lat' dir='ltr'><strong>quibus</strong></span> <span class='ocrx_word' id='word_1_13' title='bbox 422 1874 510 1931; x_wconf 91' lang='lat' dir='ltr'><strong>suam</strong></span> <span class='ocrx_word' id='word_1_14' title='bbox 535 1853 727 1937; x_wconf 80' lang='lat' dir='ltr'>composuit,</span> <span class='ocrx_word' id='word_1_15' title='bbox 751 1853 871 1916; x_wconf 83' lang='lat' dir='ltr'><strong>fuerint</strong></span> <span class='ocrx_word' id='word_1_16' title='bbox 893 1852 1091 1934; x_wconf 83' lang='lat' dir='ltr'><strong>argumenti,</strong></span> <span class='ocrx_word' id='word_1_17' title='bbox 1125 1851 1203 1914; x_wconf 86' lang='lat' dir='ltr'><strong>satis</strong></span> <span class='ocrx_word' id='word_1_18' title='bbox 1224 1850 1278 1915; x_wconf 90' lang='lat' dir='ltr'><strong>de·</strong></span> 
     </span>
     <span class='ocr_line' id='line_1_4' title="bbox 138 1935 1279 2015; baseline -0.003 -13"><span class='ocrx_word' id='word_1_19' title='bbox 138 1937 241 2002; x_wconf 84' lang='lat' dir='ltr'><strong>clarat</strong></span> <span class='ocrx_word' id='word_1_20' title='bbox 255 1958 327 2001; x_wconf 90' lang='lat' dir='ltr'><strong>oum</strong></span> <span class='ocrx_word' id='word_1_21' title='bbox 344 1937 430 2015; x_wconf 82' lang='lat' dir='ltr'><strong>dicit,</strong></span> <span class='ocrx_word' id='word_1_22' title='bbox 454 1937 607 2003; x_wconf 81' lang='lat' dir='ltr'><strong>Andriam</strong></span> <span class='ocrx_word' id='word_1_23' title='bbox 623 1946 655 2002; x_wconf 86' lang='lat' dir='ltr'><strong>et</strong></span> <span class='ocrx_word' id='word_1_24' title='bbox 669 1937 864 2001; x_wconf 83' lang='lat' dir='ltr'>Perinthiam</span> <span class='ocrx_word' id='word_1_25' title='bbox 889 1957 953 2000; x_wconf 90' lang='lat' dir='ltr'><strong>non</strong></span> <span class='ocrx_word' id='word_1_26' title='bbox 974 1936 1021 2000; x_wconf 86' lang='lat' dir='ltr'><strong>ita</strong></span> <span class='ocrx_word' id='word_1_27' title='bbox 1043 1935 1189 1999; x_wconf 83' lang='lat' dir='ltr'><strong>dissimili</strong></span> <span class='ocrx_word' id='word_1_28' title='bbox 1211 1956 1279 1999; x_wconf 89' lang='lat' dir='ltr'><strong>esse</strong></span> 
     </span>
     <span class='ocr_line' id='line_1_5' title="bbox 138 2019 1295 2102; baseline -0.002 -16"><span class='ocrx_word' id='word_1_29' title='bbox 138 2030 342 2102; x_wconf 83' lang='lat' dir='ltr'><strong>argumento,</strong></span> <span class='ocrx_word' id='word_1_30' title='bbox 370 2022 425 2086; x_wconf 87' lang='lat' dir='ltr'><strong>sed</strong></span> <span class='ocrx_word' id='word_1_31' title='bbox 449 2027 557 2086; x_wconf 83' lang='lat' dir='ltr'><strong>temen</strong></span> <span class='ocrx_word' id='word_1_32' title='bbox 580 2022 726 2087; x_wconf 79' lang='lat' dir='ltr'><strong>dissimili</strong></span> <span class='ocrx_word' id='word_1_33' title='bbox 747 2023 891 2086; x_wconf 80' lang='lat' dir='ltr'><strong>oratione</strong></span> <span class='ocrx_word' id='word_1_34' title='bbox 914 2020 1016 2083; x_wconf 86' lang='lat' dir='ltr'><strong>lactas</strong></span> <span class='ocrx_word' id='word_1_35' title='bbox 1038 2039 1105 2084; x_wconf 88' lang='lat' dir='ltr'><strong>esse</strong></span> <span class='ocrx_word' id='word_1_36' title='bbox 1128 2041 1165 2082; x_wconf 88' lang='lat' dir='ltr'><strong>ao</strong></span> <span class='ocrx_word' id='word_1_37' title='bbox 1187 2019 1295 2093; x_wconf 52' lang='lat' dir='ltr'><strong>stilo!</strong></span> 
     </span>
     <span class='ocr_line' id='line_1_6' title="bbox 163 2104 1278 2189; baseline -0.003 -18"><span class='ocrx_word' id='word_1_38' title='bbox 163 2107 195 2171; x_wconf 93' lang='lat' dir='ltr'><strong>ui</strong></span> <span class='ocrx_word' id='word_1_39' title='bbox 218 2108 371 2170; x_wconf 83' lang='lat' dir='ltr'><strong>utramvis</strong></span> <span class='ocrx_word' id='word_1_40' title='bbox 392 2113 476 2170; x_wconf 86' lang='lat' dir='ltr'><strong>reete</strong></span> <span class='ocrx_word' id='word_1_41' title='bbox 500 2109 593 2184; x_wconf 79' lang='lat' dir='ltr'><strong>norit,</strong></span> <span class='ocrx_word' id='word_1_42' title='bbox 615 2129 687 2171; x_wconf 89' lang='lat' dir='ltr'><strong>eum</strong></span> <span class='ocrx_word' id='word_1_43' title='bbox 710 2107 820 2171; x_wconf 83' lang='lat' dir='ltr'><strong>ambas</strong></span> <span class='ocrx_word' id='word_1_44' title='bbox 842 2126 943 2169; x_wconf 87' lang='lat' dir='ltr'><strong>nosse.</strong></span> <span class='ocrx_word' id='word_1_45' title='bbox 980 2108 1084 2189; x_wconf 84' lang='lat' dir='ltr'>Atque</span> <span class='ocrx_word' id='word_1_46' title='bbox 1099 2111 1184 2167; x_wconf 87' lang='lat' dir='ltr'><strong>reete</strong></span> <span class='ocrx_word' id='word_1_47' title='bbox 1199 2104 1278 2168; x_wconf 89' lang='lat' dir='ltr'><strong>mihi</strong></span> 
     </span>
     <span class='ocr_line' id='line_1_7' title="bbox 138 2129 1278 2271; baseline -0.001 -17"><span class='ocrx_word' id='word_1_48' title='bbox 138 2129 314 2254; x_wconf 60' lang='lat' dir='ltr'><strong>graderius</strong></span> <span class='ocrx_word' id='word_1_49' title='bbox 330 2195 354 2269; x_wconf 89' lang='lat'><strong>¹)</strong></span> <span class='ocrx_word' id='word_1_50' title='bbox 382 2190 496 2256; x_wconf 85' lang='lat' dir='ltr'><strong>afferre</strong></span> <span class='ocrx_word' id='word_1_51' title='bbox 530 2192 656 2256; x_wconf 83' lang='lat' dir='ltr'><strong>videtur</strong></span> <span class='ocrx_word' id='word_1_52' title='bbox 678 2198 900 2271; x_wconf 75' lang='lat' dir='ltr'><strong>argumentum</strong></span> <span class='ocrx_word' id='word_1_53' title='bbox 923 2188 1057 2254; x_wconf 86' lang='lat' dir='ltr'><strong>duarum</strong></span> <span class='ocrx_word' id='word_1_54' title='bbox 1080 2188 1209 2253; x_wconf 85' lang='lat' dir='ltr'><strong>illarum</strong></span> <span class='ocrx_word' id='word_1_55' title='bbox 1231 2190 1278 2253; x_wconf 88' lang='lat' dir='ltr'><strong>fa·</strong></span> 
     </span>
     <span class='ocr_line' id='line_1_8' title="bbox 137 2274 1277 2357; baseline -0.003 -17"><span class='ocrx_word' id='word_1_56' title='bbox 137 2275 286 2340; x_wconf 84' lang='lat' dir='ltr'><strong>bolarum</strong></span> <span class='ocrx_word' id='word_1_57' title='bbox 300 2275 494 2340; x_wconf 86' lang='lat' dir='ltr'><strong>Graecarum</strong></span> <span class='ocrx_word' id='word_1_58' title='bbox 517 2286 549 2339; x_wconf 89' lang='lat' dir='ltr'><strong>et</strong></span> <span class='ocrx_word' id='word_1_59' title='bbox 571 2282 673 2341; x_wconf 90' lang='lat' dir='ltr'><strong>totum</strong></span> <span class='ocrx_word' id='word_1_60' title='bbox 695 2283 728 2339; x_wconf 90' lang='lat' dir='ltr'><strong>et</strong></span> <span class='ocrx_word' id='word_1_61' title='bbox 749 2275 944 2357; x_wconf 83' lang='lat' dir='ltr'><strong>singularum</strong></span> <span class='ocrx_word' id='word_1_62' title='bbox 967 2294 1133 2338; x_wconf 86' lang='lat' dir='ltr'><strong>scenarum</strong></span> <span class='ocrx_word' id='word_1_63' title='bbox 1156 2274 1277 2338; x_wconf 88' lang='lat' dir='ltr'><strong>similli-</strong></span> 
     </span>
     <span class='ocr_line' id='line_1_9' title="bbox 84 2358 1276 2443; baseline -0.002 -19"><span class='ocrx_word' id='word_1_64' title='bbox 84 2393 91 2405; x_wconf 91' lang='lat'><strong>·</strong></span> <span class='ocrx_word' id='word_1_65' title='bbox 137 2380 224 2424; x_wconf 90' lang='lat' dir='ltr'><strong>mum</strong></span> <span class='ocrx_word' id='word_1_66' title='bbox 247 2358 353 2423; x_wconf 83' lang='lat' dir='ltr'><strong>luisse.</strong></span> <span class='ocrx_word' id='word_1_67' title='bbox 397 2360 508 2443; x_wconf 84' lang='lat' dir='ltr'>Neque</span> <span class='ocrx_word' id='word_1_68' title='bbox 530 2381 604 2424; x_wconf 85' lang='lat' dir='ltr'><strong>vero</strong></span> <span class='ocrx_word' id='word_1_69' title='bbox 626 2360 658 2424; x_wconf 92' lang='lat' dir='ltr'><strong>id</strong></span> <span class='ocrx_word' id='word_1_70' title='bbox 682 2361 760 2424; x_wconf 89' lang='lat' dir='ltr'><strong>mihi</strong></span> <span class='ocrx_word' id='word_1_71' title='bbox 781 2360 910 2443; x_wconf 90' lang='lat' dir='ltr'><strong>probari</strong></span> <span class='ocrx_word' id='word_1_72' title='bbox 932 2365 1045 2440; x_wconf 86' lang='lat' dir='ltr'><strong>potest,</strong></span> <span class='ocrx_word' id='word_1_73' title='bbox 1068 2359 1151 2443; x_wconf 88' lang='lat' dir='ltr'><strong>quod</strong></span> <span class='ocrx_word' id='word_1_74' title='bbox 1167 2381 1197 2443; x_wconf 88' lang='lat' dir='ltr'><strong>p.</strong></span> <span class='ocrx_word' id='word_1_75' title='bbox 1217 2364 1276 2422; x_wconf 80' lang='lat'><strong>174</strong></span> 
     </span>
     <span class='ocr_line' id='line_1_10' title="bbox 137 2443 1275 2527; baseline -0.003 -19"><span class='ocrx_word' id='word_1_76' title='bbox 137 2445 283 2527; x_wconf 82' lang='lat' dir='ltr'><strong>exponit:</strong></span> <span class='ocrx_word' id='word_1_77' title='bbox 311 2445 428 2506; x_wconf 79' lang='lat' dir='ltr'><strong>Terenz</strong></span> <span class='ocrx_word' id='word_1_78' title='bbox 442 2443 499 2507; x_wconf 13' lang='lat' dir='ltr'><strong>datr</strong></span> <span class='ocrx_word' id='word_1_79' title='bbox 512 2467 577 2509; x_wconf 80' lang='lat' dir='ltr'><strong>nun</strong></span> <span class='ocrx_word' id='word_1_80' title='bbox 600 2445 665 2507; x_wconf 82' lang='lat' dir='ltr'><strong>ala&#39;o</strong></span> <span class='ocrx_word' id='word_1_81' title='bbox 687 2444 755 2507; x_wconf 80' lang='lat' dir='ltr'><strong>hier</strong></span> <span class='ocrx_word' id='word_1_82' title='bbox 776 2443 871 2515; x_wconf 76' lang='lat' dir='ltr'><strong>nieht,</strong></span> <span class='ocrx_word' id='word_1_83' title='bbox 898 2443 954 2505; x_wconf 85' lang='lat' dir='ltr'><strong>wie</strong></span> <span class='ocrx_word' id='word_1_84' title='bbox 977 2443 1026 2506; x_wconf 82' lang='lat' dir='ltr'><strong>bei</strong></span> <span class='ocrx_word' id='word_1_85' title='bbox 1045 2444 1134 2506; x_wconf 75' lang='lat' dir='ltr'><strong>ienae</strong></span> <span class='ocrx_word' id='word_1_86' title='bbox 1155 2444 1275 2506; x_wconf 77' lang='lat' dir='ltr'><strong>andero</strong></span> 
     </span>
     <span class='ocr_line' id='line_1_11' title="bbox 137 2527 1275 2612; baseline -0.002 -20"><span class='ocrx_word' id='word_1_87' title='bbox 137 2528 312 2592; x_wconf 70' lang='lat' dir='ltr'><strong>comoedica</strong></span> <span class='ocrx_word' id='word_1_88' title='bbox 328 2528 395 2605; x_wconf 72' lang='lat' dir='ltr'><strong>(aaz.</strong></span> <span class='ocrx_word' id='word_1_89' title='bbox 408 2530 491 2594; x_wconf 81' lang='lat' dir='ltr'><strong>Eun.</strong></span> <span class='ocrx_word' id='word_1_90' title='bbox 508 2538 537 2592; x_wconf 80' lang='lat' dir='ltr'><strong>ei</strong></span> <span class='ocrx_word' id='word_1_91' title='bbox 552 2529 706 2612; x_wconf 75' lang='lat' dir='ltr'><strong>Adelph.)</strong></span> <span class='ocrx_word' id='word_1_92' title='bbox 721 2527 788 2592; x_wconf 81' lang='lat' dir='ltr'><strong>eine</strong></span> <span class='ocrx_word' id='word_1_93' title='bbox 810 2527 932 2610; x_wconf 76' lang='lat' dir='ltr'><strong>epieodo</strong></span> <span class='ocrx_word' id='word_1_94' title='bbox 953 2550 1009 2591; x_wconf 76' lang='lat' dir='ltr'><strong>aas</strong></span> <span class='ocrx_word' id='word_1_95' title='bbox 1032 2528 1129 2591; x_wconf 61' lang='lat' dir='ltr'><strong>duem</strong></span> <span class='ocrx_word' id='word_1_96' title='bbox 1151 2527 1275 2590; x_wconf 81' lang='lat' dir='ltr'><strong>zweiten</strong></span> 
     </span>
     <span class='ocr_line' id='line_1_12' title="bbox 137 2611 1276 2695; baseline -0.002 -19"><span class='ocrx_word' id='word_1_97' title='bbox 137 2614 250 2676; x_wconf 82' lang='lat' dir='ltr'><strong>drama</strong></span> <span class='ocrx_word' id='word_1_98' title='bbox 272 2611 505 2694; x_wconf 55' lang='lat' dir='ltr'><strong>eroposeiam,</strong></span> <span class='ocrx_word' id='word_1_99' title='bbox 540 2615 632 2676; x_wconf 78' lang='lat' dir='ltr'><strong>deren</strong></span> <span class='ocrx_word' id='word_1_100' title='bbox 656 2635 809 2695; x_wconf 72' lang='lat' dir='ltr'><strong>peruenere</strong></span> <span class='ocrx_word' id='word_1_101' title='bbox 837 2612 894 2676; x_wconf 84' lang='lat' dir='ltr'><strong>mil</strong></span> <span class='ocrx_word' id='word_1_102' title='bbox 920 2613 1018 2688; x_wconf 78' lang='lat' dir='ltr'><strong>danen</strong></span> <span class='ocrx_word' id='word_1_103' title='bbox 1041 2614 1139 2676; x_wconf 76' lang='lat' dir='ltr'><strong>seinos</strong></span> <span class='ocrx_word' id='word_1_104' title='bbox 1161 2613 1276 2694; x_wconf 74' lang='lat' dir='ltr'><strong>haupt-</strong></span> 
     </span>
     <span class='ocr_line' id='line_1_13' title="bbox 137 2696 1275 2778; baseline -0.001 -18"><span class='ocrx_word' id='word_1_105' title='bbox 137 2696 313 2761; x_wconf 68' lang='lat' dir='ltr'><strong>stellata</strong></span> <span class='ocrx_word' id='word_1_106' title='bbox 348 2696 498 2778; x_wconf 74' lang='lat' dir='ltr'><strong>oriyinals</strong></span> <span class='ocrx_word' id='word_1_107' title='bbox 530 2697 720 2761; x_wconf 76' lang='lat' dir='ltr'><strong>dholieltkeit</strong></span> <span class='ocrx_word' id='word_1_108' title='bbox 758 2697 882 2772; x_wconf 71' lang='lat' dir='ltr'><strong>hatten,</strong></span> <span class='ocrx_word' id='word_1_109' title='bbox 920 2698 1053 2760; x_wconf 72' lang='lat' dir='ltr'><strong>uendere</strong></span> <span class='ocrx_word' id='word_1_110' title='bbox 1085 2719 1143 2759; x_wconf 80' lang='lat' dir='ltr'><strong>aus</strong></span> <span class='ocrx_word' id='word_1_111' title='bbox 1177 2696 1275 2760; x_wconf 83' lang='lat' dir='ltr'><strong>einem</strong></span> 
     </span>
     <span class='ocr_line' id='line_1_14' title="bbox 137 2780 1275 2853; baseline -0.001 -7"><span class='ocrx_word' id='word_1_112' title='bbox 137 2780 262 2846; x_wconf 64' lang='lat' dir='ltr'><strong>maten</strong></span> <span class='ocrx_word' id='word_1_113' title='bbox 377 2781 542 2845; x_wconf 73' lang='lat' dir='ltr'><strong>dielichen</strong></span> <span class='ocrx_word' id='word_1_114' title='bbox 565 2784 678 2845; x_wconf 85' lang='lat' dir='ltr'><strong>dromo</strong></span> <span class='ocrx_word' id='word_1_115' title='bbox 697 2833 702 2844; x_wconf 91' lang='lat'>.</span> <span class='ocrx_word' id='word_1_116' title='bbox 722 2829 753 2844; x_wconf 85' lang='lat'><strong>..</strong></span> <span class='ocrx_word' id='word_1_117' title='bbox 780 2783 926 2853; x_wconf 69' lang='lat' dir='ltr'><strong>enlletnt</strong></span> <span class='ocrx_word' id='word_1_118' title='bbox 951 2803 1015 2844; x_wconf 81' lang='lat' dir='ltr'><strong>was</strong></span> <span class='ocrx_word' id='word_1_119' title='bbox 1036 2781 1101 2845; x_wconf 79' lang='lat' dir='ltr'><strong>sich</strong></span> <span class='ocrx_word' id='word_1_120' title='bbox 1124 2781 1275 2845; x_wconf 63' lang='lat' dir='ltr'><strong>duwebeu</strong></span> 
     </span>
     <span class='ocr_line' id='line_1_15' title="bbox 139 2866 1275 2950; baseline -0.003 -20"><span class='ocrx_word' id='word_1_121' title='bbox 139 2866 221 2930; x_wconf 77' lang='lat' dir='ltr'><strong>liora.</strong></span> <span class='ocrx_word' id='word_1_122' title='bbox 266 2866 384 2930; x_wconf 80' lang='lat' dir='ltr'><strong>Versus</strong></span> <span class='ocrx_word' id='word_1_123' title='bbox 400 2866 498 2948; x_wconf 85' lang='lat' dir='ltr'><strong>igitur</strong></span> <span class='ocrx_word' id='word_1_124' title='bbox 519 2867 642 2950; x_wconf 82' lang='lat' dir='ltr'>prologi</span> <span class='ocrx_word' id='word_1_125' title='bbox 670 2872 718 2931; x_wconf 86' lang='lat'><strong>13.</strong></span> <span class='ocrx_word' id='word_1_126' title='bbox 740 2872 773 2930; x_wconf 88' lang='lat' dir='ltr'><strong>et</strong></span> <span class='ocrx_word' id='word_1_127' title='bbox 799 2873 845 2931; x_wconf 82' lang='lat'><strong>14.</strong></span> <span class='ocrx_word' id='word_1_128' title='bbox 869 2887 906 2930; x_wconf 89' lang='lat' dir='ltr'><strong>eo</strong></span> <span class='ocrx_word' id='word_1_129' title='bbox 921 2866 1080 2949; x_wconf 84' lang='lat' dir='ltr'><strong>pertinere</strong></span> <span class='ocrx_word' id='word_1_130' title='bbox 1095 2866 1162 2930; x_wconf 82' lang='lat' dir='ltr'><strong>uult</strong></span> <span class='ocrx_word' id='word_1_131' title='bbox 1176 2866 1275 2947; x_wconf 82' lang='lat' dir='ltr'><strong>Grau·</strong></span> 
     </span>
     <span class='ocr_line' id='line_1_16' title="bbox 138 2949 1275 3034; baseline -0.003 -19"><span class='ocrx_word' id='word_1_132' title='bbox 138 2958 225 3015; x_wconf 86' lang='lat' dir='ltr'><strong>ertus</strong></span> <span class='ocrx_word' id='word_1_133' title='bbox 241 2958 277 3014; x_wconf 88' lang='lat' dir='ltr'><strong>ut</strong></span> <span class='ocrx_word' id='word_1_134' title='bbox 291 2950 466 3014; x_wconf 84' lang='lat' dir='ltr'><strong>sententias</strong></span> <span class='ocrx_word' id='word_1_135' title='bbox 482 2951 635 3033; x_wconf 87' lang='lat' dir='ltr'><strong>quasdam</strong></span> <span class='ocrx_word' id='word_1_136' title='bbox 652 2959 684 3015; x_wconf 90' lang='lat' dir='ltr'><strong>et</strong></span> <span class='ocrx_word' id='word_1_137' title='bbox 698 2950 817 3034; x_wconf 84' lang='lat' dir='ltr'><strong>figuras</strong></span> <span class='ocrx_word' id='word_1_138' title='bbox 832 2952 987 3015; x_wconf 87' lang='lat' dir='ltr'><strong>orationis</strong></span> <span class='ocrx_word' id='word_1_139' title='bbox 1002 2951 1047 3030; x_wconf 91' lang='lat' dir='ltr'><strong>(id</strong></span> <span class='ocrx_word' id='word_1_140' title='bbox 1064 2949 1147 3033; x_wconf 84' lang='lat' dir='ltr'><strong>quod</strong></span> <span class='ocrx_word' id='word_1_141' title='bbox 1160 2949 1275 3013; x_wconf 85' lang='lat' dir='ltr'><strong>Teren-</strong></span> 
     </span>
     <span class='ocr_line' id='line_1_17' title="bbox 138 3035 1274 3182; baseline -0.002 -83"><span class='ocrx_word' id='word_1_142' title='bbox 138 3037 203 3099; x_wconf 88' lang='lat' dir='ltr'><strong>tius</strong></span> <span class='ocrx_word' id='word_1_143' title='bbox 218 3035 361 3119; x_wconf 83' lang='lat' dir='ltr'><strong>appellat</strong></span> <span class='ocrx_word' id='word_1_144' title='bbox 376 3035 552 3099; x_wconf 85' lang='lat' dir='ltr'><strong>orationem</strong></span> <span class='ocrx_word' id='word_1_145' title='bbox 575 3041 607 3100; x_wconf 83' lang='lat' dir='ltr'><strong>et</strong></span> <span class='ocrx_word' id='word_1_146' title='bbox 629 3035 753 3182; x_wconf 45' lang='lat' dir='ltr'><strong>stilum?</strong></span> <span class='ocrx_word' id='word_1_147' title='bbox 769 3037 816 3099; x_wconf 84' lang='lat' dir='ltr'><strong>vel</strong></span> <span class='ocrx_word' id='word_1_148' title='bbox 832 3036 917 3100; x_wconf 89' lang='lat' dir='ltr'><strong>looos</strong></span> <span class='ocrx_word' id='word_1_149' title='bbox 933 3035 1085 3118; x_wconf 86' lang='lat' dir='ltr'><strong>quosdam</strong></span> <span class='ocrx_word' id='word_1_150' title='bbox 1101 3054 1274 3116; x_wconf 77' lang='lat' dir='ltr'><strong>paucorum</strong></span> 
     </span>
     <span class='ocr_line' id='line_1_18' title="bbox 138 3117 1277 3205; baseline 0.001 -25"><span class='ocrx_word' id='word_1_151' title='bbox 138 3140 285 3184; x_wconf 85' lang='lat' dir='ltr'><strong>versuum</strong></span> <span class='ocrx_word' id='word_1_152' title='bbox 308 3118 424 3184; x_wconf 86' lang='lat' dir='ltr'><strong>finibus</strong></span> <span class='ocrx_word' id='word_1_153' title='bbox 445 3120 700 3205; x_wconf 81' lang='lat' dir='ltr'><strong>circumscriptos</strong></span> <span class='ocrx_word' id='word_1_154' title='bbox 749 3122 889 3183; x_wconf 84' lang='lat' dir='ltr'><strong>orentius</strong></span> <span class='ocrx_word' id='word_1_155' title='bbox 920 3140 959 3181; x_wconf 86' lang='lat' dir='ltr'><strong>ex</strong></span> <span class='ocrx_word' id='word_1_156' title='bbox 983 3117 1146 3200; x_wconf 86' lang='lat' dir='ltr'><strong>Perinthia</strong></span> <span class='ocrx_word' id='word_1_157' title='bbox 1172 3124 1277 3182; x_wconf 87' lang='lat' dir='ltr'><strong>traus-</strong></span> 
     </span>
     <span class='ocr_line' id='line_1_19' title="bbox 140 3203 1276 3288; baseline -0.001 -22"><span class='ocrx_word' id='word_1_158' title='bbox 140 3203 250 3268; x_wconf 85' lang='lat' dir='ltr'><strong>tulerit</strong></span> <span class='ocrx_word' id='word_1_159' title='bbox 265 3205 298 3267; x_wconf 92' lang='lat' dir='ltr'><strong>in</strong></span> <span class='ocrx_word' id='word_1_160' title='bbox 315 3204 467 3267; x_wconf 79' lang='lat' dir='ltr'><strong>Andriam</strong></span> <span class='ocrx_word' id='word_1_161' title='bbox 483 3204 642 3269; x_wconf 84' lang='lat' dir='ltr'><strong>Latinam.</strong></span> <span class='ocrx_word' id='word_1_162' title='bbox 687 3205 841 3288; x_wconf 86' lang='lat' dir='ltr'><strong>Equidem</strong></span> <span class='ocrx_word' id='word_1_163' title='bbox 863 3223 975 3268; x_wconf 88' lang='lat' dir='ltr'><strong>censeo</strong></span> <span class='ocrx_word' id='word_1_164' title='bbox 998 3203 1175 3286; x_wconf 88' lang='lat' dir='ltr'><strong>complures</strong></span> <span class='ocrx_word' id='word_1_165' title='bbox 1196 3204 1276 3267; x_wconf 91' lang='lat' dir='ltr'><strong>adeo</strong></span> 
     </span>
     <span class='ocr_line' id='line_1_20' title="bbox 140 3288 1275 3372; baseline -0.001 -21"><span class='ocrx_word' id='word_1_166' title='bbox 140 3288 252 3353; x_wconf 85' lang='lat' dir='ltr'><strong>scenas</strong></span> <span class='ocrx_word' id='word_1_167' title='bbox 274 3308 346 3352; x_wconf 88' lang='lat' dir='ltr'><strong>eum</strong></span> <span class='ocrx_word' id='word_1_168' title='bbox 369 3288 570 3353; x_wconf 79' lang='lat' dir='ltr'><strong>transtulisse</strong></span> <span class='ocrx_word' id='word_1_169' title='bbox 591 3296 649 3354; x_wconf 86' lang='lat' dir='ltr'><strong>aut</strong></span> <span class='ocrx_word' id='word_1_170' title='bbox 671 3295 754 3353; x_wconf 88' lang='lat' dir='ltr'><strong>totas</strong></span> <span class='ocrx_word' id='word_1_171' title='bbox 776 3297 832 3352; x_wconf 85' lang='lat' dir='ltr'><strong>aut</strong></span> <span class='ocrx_word' id='word_1_172' title='bbox 854 3289 995 3370; x_wconf 89' lang='lat' dir='ltr'><strong>aliquam</strong></span> <span class='ocrx_word' id='word_1_173' title='bbox 1016 3306 1125 3352; x_wconf 85' lang='lat' dir='ltr'><strong>earum</strong></span> <span class='ocrx_word' id='word_1_174' title='bbox 1141 3293 1275 3372; x_wconf 86' lang='lat' dir='ltr'><strong>partem,</strong></span> 
     </span>
     <span class='ocr_line' id='line_1_21' title="bbox 140 3372 1274 3456; baseline -0.003 -21"><span class='ocrx_word' id='word_1_175' title='bbox 140 3373 289 3456; x_wconf 88' lang='lat' dir='ltr'><strong>quodque</strong></span> <span class='ocrx_word' id='word_1_176' title='bbox 311 3393 349 3435; x_wconf 83' lang='lat' dir='ltr'><strong>ea</strong></span> <span class='ocrx_word' id='word_1_177' title='bbox 370 3394 405 3437; x_wconf 91' lang='lat' dir='ltr'><strong>re</strong></span> <span class='ocrx_word' id='word_1_178' title='bbox 428 3372 571 3452; x_wconf 87' lang='lat' dir='ltr'><strong>efficitur,</strong></span> <span class='ocrx_word' id='word_1_179' title='bbox 594 3373 715 3456; x_wconf 88' lang='lat' dir='ltr'><strong>aliquid</strong></span> <span class='ocrx_word' id='word_1_180' title='bbox 739 3380 823 3437; x_wconf 85' lang='lat' dir='ltr'><strong>certe</strong></span> <span class='ocrx_word' id='word_1_181' title='bbox 846 3372 1027 3437; x_wconf 84' lang='lat' dir='ltr'><strong>interfuisse</strong></span> <span class='ocrx_word' id='word_1_182' title='bbox 1043 3372 1127 3436; x_wconf 87' lang='lat' dir='ltr'><strong>inter</strong></span> <span class='ocrx_word' id='word_1_183' title='bbox 1142 3373 1274 3436; x_wconf 88' lang='lat' dir='ltr'><strong>duarum</strong></span> 
     </span>
     <span class='ocr_line' id='line_1_22' title="bbox 138 3455 1275 3540; baseline -0.003 -18"><span class='ocrx_word' id='word_1_184' title='bbox 138 3455 319 3522; x_wconf 85' lang='lat' dir='ltr'><strong>fabularum</strong></span> <span class='ocrx_word' id='word_1_185' title='bbox 343 3465 575 3540; x_wconf 82' lang='lat' dir='ltr'><strong>argumentum.</strong></span> <span class='ocrx_word' id='word_1_186' title='bbox 620 3459 689 3523; x_wconf 89' lang='lat' dir='ltr'><strong>Hoo</strong></span> <span class='ocrx_word' id='word_1_187' title='bbox 711 3457 796 3522; x_wconf 90' lang='lat' dir='ltr'><strong>nullo</strong></span> <span class='ocrx_word' id='word_1_188' title='bbox 819 3457 912 3522; x_wconf 92' lang='lat' dir='ltr'><strong>modo</strong></span> <span class='ocrx_word' id='word_1_189' title='bbox 927 3477 1105 3540; x_wconf 82' lang='lat' dir='ltr'><strong>repugnare</strong></span> <span class='ocrx_word' id='word_1_190' title='bbox 1121 3463 1197 3539; x_wconf 85' lang='lat' dir='ltr'><strong>puto</strong></span> <span class='ocrx_word' id='word_1_191' title='bbox 1212 3455 1275 3519; x_wconf 83' lang='lat' dir='ltr'><strong>illi:</strong></span> 
     </span>
     <span class='ocr_line' id='line_1_23' title="bbox 141 3528 1277 3626; baseline -0.004 -21"><span class='ocrx_word' id='word_1_192' title='bbox 141 3542 216 3605; x_wconf 81' lang='lat' dir='ltr'><strong>Non</strong></span> <span class='ocrx_word' id='word_1_193' title='bbox 234 3528 282 3604; x_wconf 82' lang='lat' dir='ltr'><strong>ita</strong></span> <span class='ocrx_word' id='word_1_194' title='bbox 303 3551 375 3604; x_wconf 80' lang='lat' dir='ltr'><strong>aaut</strong></span> <span class='ocrx_word' id='word_1_195' title='bbox 396 3541 544 3605; x_wconf 75' lang='lat' dir='ltr'><strong>dissimili</strong></span> <span class='ocrx_word' id='word_1_196' title='bbox 563 3552 754 3623; x_wconf 71' lang='lat' dir='ltr'><strong>erpumenia</strong></span> <span class='ocrx_word' id='word_1_197' title='bbox 777 3536 840 3626; x_wconf 80' lang='lat' dir='ltr'><strong>quo</strong></span> <span class='ocrx_word' id='word_1_198' title='bbox 862 3542 946 3624; x_wconf 92' lang='lat' dir='ltr'><strong>quod</strong></span> <span class='ocrx_word' id='word_1_199' title='bbox 970 3562 1026 3604; x_wconf 88' lang='lat' dir='ltr'><strong>nos</strong></span> <span class='ocrx_word' id='word_1_200' title='bbox 1048 3543 1200 3605; x_wconf 87' lang='lat' dir='ltr'><strong>vertimus</strong></span> <span class='ocrx_word' id='word_1_201' title='bbox 1223 3541 1277 3601; x_wconf 83' lang='lat' dir='ltr'><strong>Sie</strong></span> 
     </span>
     <span class='ocr_line' id='line_1_24' title="bbox 139 3624 1279 3710; baseline -0.001 -22"><span class='ocrx_word' id='word_1_202' title='bbox 139 3626 282 3689; x_wconf 78' lang='lat' dir='ltr'><strong>stimmen</strong></span> <span class='ocrx_word' id='word_1_203' title='bbox 303 3627 371 3703; x_wconf 77' lang='lat' dir='ltr'><strong>fosi</strong></span> <span class='ocrx_word' id='word_1_204' title='bbox 382 3648 486 3708; x_wconf 72' lang='lat' dir='ltr'><strong>penae</strong></span> <span class='ocrx_word' id='word_1_205' title='bbox 500 3627 636 3691; x_wconf 62' lang='lat' dir='ltr'><strong>dinan.</strong></span> <span class='ocrx_word' id='word_1_206' title='bbox 677 3630 778 3710; x_wconf 84' lang='lat' dir='ltr'><strong>Atque</strong></span> <span class='ocrx_word' id='word_1_207' title='bbox 795 3626 827 3690; x_wconf 92' lang='lat' dir='ltr'><strong>id</strong></span> <span class='ocrx_word' id='word_1_208' title='bbox 842 3626 966 3709; x_wconf 86' lang='lat' dir='ltr'><strong>quidem</strong></span> <span class='ocrx_word' id='word_1_209' title='bbox 985 3625 1033 3689; x_wconf 88' lang='lat' dir='ltr'><strong>his</strong></span> <span class='ocrx_word' id='word_1_210' title='bbox 1048 3626 1151 3689; x_wconf 83' lang='lat' dir='ltr'><strong>vorbis</strong></span> <span class='ocrx_word' id='word_1_211' title='bbox 1165 3624 1279 3688; x_wconf 83' lang='lat' dir='ltr'><strong>coufir-</strong></span> 
     </span>
     <span class='ocr_line' id='line_1_25' title="bbox 141 3710 1276 3792; baseline -0.004 -17"><span class='ocrx_word' id='word_1_212' title='bbox 141 3718 262 3783; x_wconf 83' lang='lat' dir='ltr'><strong>matur‚</strong></span> <span class='ocrx_word' id='word_1_213' title='bbox 300 3710 379 3773; x_wconf 89' lang='lat' dir='ltr'><strong>nihil</strong></span> <span class='ocrx_word' id='word_1_214' title='bbox 405 3710 444 3774; x_wconf 88' lang='lat' dir='ltr'><strong>de</strong></span> <span class='ocrx_word' id='word_1_215' title='bbox 466 3732 591 3775; x_wconf 87' lang='lat' dir='ltr'><strong>summa</strong></span> <span class='ocrx_word' id='word_1_216' title='bbox 614 3712 751 3775; x_wconf 82' lang='lat' dir='ltr'><strong>Andriae</strong></span> <span class='ocrx_word' id='word_1_217' title='bbox 774 3712 953 3792; x_wconf 83' lang='lat' dir='ltr'><strong>argumenti</strong></span> <span class='ocrx_word' id='word_1_218' title='bbox 975 3717 1130 3772; x_wconf 87' lang='lat' dir='ltr'><strong>mutatum</strong></span> <span class='ocrx_word' id='word_1_219' title='bbox 1155 3730 1223 3772; x_wconf 85' lang='lat' dir='ltr'><strong>esse</strong></span> <span class='ocrx_word' id='word_1_220' title='bbox 1244 3710 1276 3772; x_wconf 91' lang='lat' dir='ltr'><strong>in</strong></span> 
     </span>
     <span class='ocr_line' id='line_1_26' title="bbox 140 3792 1278 3878; baseline -0.004 -18"><span class='ocrx_word' id='word_1_221' title='bbox 140 3794 320 3871; x_wconf 81' lang='lat' dir='ltr'><strong>Perinthia3</strong></span> <span class='ocrx_word' id='word_1_222' title='bbox 357 3794 422 3858; x_wconf 88' lang='lat' dir='ltr'><strong>tale</strong></span> <span class='ocrx_word' id='word_1_223' title='bbox 444 3797 527 3859; x_wconf 86' lang='lat' dir='ltr'><strong>euim</strong></span> <span class='ocrx_word' id='word_1_224' title='bbox 551 3803 600 3859; x_wconf 90' lang='lat' dir='ltr'><strong>est</strong></span> <span class='ocrx_word' id='word_1_225' title='bbox 623 3797 761 3860; x_wconf 87' lang='lat' dir='ltr'><strong>Andriae</strong></span> <span class='ocrx_word' id='word_1_226' title='bbox 783 3802 1021 3878; x_wconf 81' lang='lat' dir='ltr'><strong>argumentum,</strong></span> <span class='ocrx_word' id='word_1_227' title='bbox 1056 3799 1092 3856; x_wconf 91' lang='lat' dir='ltr'><strong>ut</strong></span> <span class='ocrx_word' id='word_1_228' title='bbox 1114 3792 1194 3857; x_wconf 90' lang='lat' dir='ltr'><strong>nihil</strong></span> <span class='ocrx_word' id='word_1_229' title='bbox 1216 3793 1278 3856; x_wconf 86' lang='lat' dir='ltr'><strong>nisi</strong></span> 
     </span>
     <span class='ocr_line' id='line_1_27' title="bbox 140 3878 966 3965; baseline 0 -24"><span class='ocrx_word' id='word_1_230' title='bbox 140 3900 235 3963; x_wconf 81' lang='lat' dir='ltr'><strong>greve</strong></span> <span class='ocrx_word' id='word_1_231' title='bbox 257 3878 432 3963; x_wconf 76' lang='lat' dir='ltr'><strong>quidquam</strong></span> <span class='ocrx_word' id='word_1_232' title='bbox 455 3882 572 3944; x_wconf 82' lang='lat' dir='ltr'><strong>mutari</strong></span> <span class='ocrx_word' id='word_1_233' title='bbox 595 3901 687 3965; x_wconf 85' lang='lat' dir='ltr'><strong>posse</strong></span> <span class='ocrx_word' id='word_1_234' title='bbox 710 3880 788 3944; x_wconf 92' lang='lat' dir='ltr'><strong>mihi</strong></span> <span class='ocrx_word' id='word_1_235' title='bbox 811 3880 966 3944; x_wconf 84' lang='lat' dir='ltr'><strong>videatur.</strong></span> 
     </span>
    </p>
   </div>
   <div class='ocr_carea' id='block_1_3' title="bbox 213 4093 524 4163">
    <p class='ocr_par' dir='ltr' id='par_1_3' title="bbox 213 4093 524 4163">
     <span class='ocr_line' id='line_1_28' title="bbox 213 4093 524 4163; baseline 0 -17"><span class='ocrx_word' id='word_1_236' title='bbox 213 4093 235 4155; x_wconf 91' lang='lat'><strong>¹)</strong></span> <span class='ocrx_word' id='word_1_237' title='bbox 270 4093 399 4148; x_wconf 82' lang='lat' dir='ltr'><strong>analeett.</strong></span> <span class='ocrx_word' id='word_1_238' title='bbox 417 4110 445 4163; x_wconf 90' lang='lat' dir='ltr'><strong>p.</strong></span> <span class='ocrx_word' id='word_1_239' title='bbox 465 4094 524 4147; x_wconf 82' lang='lat'><strong>192.</strong></span> 
     </span>
    </p>
   </div>
   <div class='ocr_carea' id='block_1_4' title="bbox 0 0 1473 4658">
    <p class='ocr_par' dir='ltr' id='par_1_4' title="bbox 0 0 1473 4658">
     <span class='ocr_line' id='line_1_29' title="bbox 0 0 1473 4658; baseline 0 0"><span class='ocrx_word' id='word_1_240' title='bbox 0 0 1473 4658; x_wconf 95' lang='lat' dir='ltr'><strong> </strong></span> 
     </span>
    </p>
   </div>
  </div>
 </body>
</html>
