2930 4658
695 207 736 269 86

142 393 372 474 licenterque,
395 408 532 475 quocum
554 391 686 469 rixetur,
710 390 822 456 militis
842 391 979 455 intersit
1011 391 1160 458 Ceterum
1174 391 1281 467 talem,

143 479 248 561 qualis
277 477 385 552 adest,
422 476 506 540 hanc
537 496 665 541 scenam
698 477 732 540 in
756 476 871 541 Colace
899 475 997 540 luisse
1025 483 1199 562 conpote.
1243 478 1281 542 Id

142 565 270 639 omitto,
293 562 470 625 Chremetis
491 582 550 626 nec
572 582 685 626 nomen
708 582 767 625 nec
789 566 895 644 partes
916 560 1040 626 Colacis
1061 563 1158 627 luisse
1180 582 1281 646 eaque

142 654 283 712 mutasse
305 646 488 710 Terentium
511 648 608 729 (quae
632 646 760 730 quidem
782 647 901 711 leviora
931 646 1109 733 ridentur);
1146 654 1182 712 at
1209 669 1281 712 cnm

143 733 319 797 Menandro
334 731 366 796 id
382 733 579 814 propositum
595 732 683 797 sitin
701 731 823 808 Colace,
847 737 883 794 nt
900 732 1144 815 grandiloquum
1159 734 1282 797 iactan-

143 823 271 901 temque
292 817 477 901 depingeret
499 816 649 889 militem,
672 838 744 880 eum
767 838 828 882 uon
851 818 1101 899 praetermisisse
1123 817 1206 882 hanc
1228 818 1282 882 de·

142 902 293 988 pingendi
315 901 413 966 talem
435 922 507 966 eum
529 903 743 980 occasionem,
776 902 941 984 multoque
967 902 1178 967 verbosiorem
1200 904 1283 968 hano

143 988 241 1052 luisse
264 1007 401 1065 scenam,
423 986 558 1051 fortasse
579 988 683 1053 rixam
705 987 828 1071 ipsein
852 1007 947 1050 scena
968 994 1073 1051 aetam
1095 1009 1163 1054 esse
1178 996 1281 1072 putes.

143 1074 285 1156 Apparet
306 1071 456 1136 Terentio
477 1072 562 1136 hanc
581 1073 615 1135 in
646 1092 742 1137 scena
770 1073 943 1148 actionem,
981 1093 1079 1155 quum
1108 1074 1150 1137 ad
1178 1074 1282 1158 ipsam

141 1157 285 1223 fabulam
306 1155 389 1220 hanc
412 1155 518 1221 minus
539 1159 722 1240 pertineret,
744 1157 883 1221 retinere
905 1178 969 1220 non
990 1157 1133 1236 licuisse;
1157 1165 1283 1223 senteu-

141 1245 205 1307 ties
225 1242 323 1325 igitur
350 1262 368 1306 e
392 1241 506 1306 Colace
535 1243 753 1319 transtulisse,
792 1242 888 1306 verba
916 1242 1018 1325 ipsum
1049 1242 1178 1308 finxisse
1207 1265 1281 1308 enm

142 1334 221 1412 puto

225 1375 273 1476 lis
292 1431 375 1494 qnae
397 1414 574 1494 sequuntur
596 1412 698 1476 scenis
721 1414 749 1488 2,
774 1416 802 1488 3,
825 1416 862 1489 4,
889 1411 999 1476 fabula
1021 1413 1193 1478 seeundum
1214 1414 1280 1479 Me·

142 1497 259 1562 nandri
281 1496 470 1561 Eunuchum
493 1496 615 1578 agitur3
651 1496 737 1578 qnod
763 1517 784 1560 a
806 1495 952 1563 Chaerea
978 1504 1102 1580 gestum
1130 1506 1214 1575 erat,
1248 1507 1282 1565 et

142 1582 319 1646 Phaedriae
348 1586 381 1645 st
409 1580 541 1663 Pythiae
570 1580 723 1664 aperitur.
777 1582 846 1646 Hoc
866 1580 1014 1657 afferam,
1044 1583 1085 1647 ad
1109 1584 1162 1661 IV,
1186 1590 1215 1662 4,
1238 1588 1277 1649 27

144 1666 305 1732 Donatum
328 1666 499 1730 adnotare:
523 1666 779 1730 HoeePlonn'no
800 1676 884 1741 runt,
908 1689 977 1730 enm
999 1667 1033 1730 in
1055 1669 1165 1732 iisden
1187 1670 1278 1752 leupo

142 1751 183 1815 sit
204 1751 393 1834 dirpnrono5
421 1752 476 1814 sed
495 1750 575 1814 mire
594 1773 614 1814 0
642 1752 783 1814 Terentio
802 1753 1011 1853 proferuntur
1031 1754 1076 1815 cd
1095 1753 1278 1818 01000000-

138 1838 230 1986 {dii
250 1836 1281 2004 inti&tlttltillittttlta,ttlttttl

139 2008 219 2072 haec
240 2006 337 2072 verba
360 2006 528 2088 Plautique
550 2006 684 2070 similem
707 2027 842 2071 scenam.
895 2008 943 2071 Ad
970 2028 1143 2090 quamnam
1171 2008 1276 2072 Plauti

141 2091 336 2157 comoediam
351 2097 474 2174 spectet
486 2090 638 2168 Donatus,
660 2112 724 2154 uon
739 2092 818 2156 satis
831 2091 1042 2174 intellegitnr3
1066 2113 1166 2176 neque
1181 2094 1274 2172 enim,

142 2198 225 2261 quae
246 2178 278 2240 in
300 2175 432 2260 prologo
453 2177 646 2251 nominatur,
670 2176 816 2241 Colacem
831 2177 1004 2258 significari
1019 2185 1161 2263 apparet.
1191 2177 1279 2243 Duos

63 2300 68 2305 ,
142 2263 273 2327 ultimos
294 2282 408 2326 scenae
429 2268 562 2345 quartae
584 2282 693 2326 versus
714 2283 734 2325 a
757 2262 904 2326 Terentio
928 2262 1054 2328 additos
1077 2285 1144 2328 esse
1158 2268 1283 2329 constat

134 2353 180 2412 -nt
203 2346 402 2429 Chremetem
424 2347 644 2411 advenientem
667 2347 883 2429 spectantibus
904 2348 1082 2413 adnuntiet.

228 2431 282 2507 IV,
305 2437 323 2495 ὁ
347 2439 380 2495 et
403 2435 421 2494 6
444 2452 483 2495 ex
507 2432 659 2495 Eunucho
680 2432 880 2515 desumptae,
904 2434 960 2497 sed
980 2433 1206 2518 interpositum
1227 2432 1283 2496 ad·

144 2516 311 2598 ditumque
333 2520 382 2580 est
403 2516 502 2598 ipsius
525 2516 664 2580 Terentii
686 2518 861 2581 inventum.
903 2518 1052 2583 Chremes
1081 2518 1165 2582 enim
1195 2517 1283 2600 apud

144 2601 298 2666 Thaidem
320 2601 501 2677 revertitur,
524 2606 561 2665 ut
581 2601 698 2679 certior
718 2602 776 2665 fiat
797 2603 836 2665 de
851 2603 1036 2688 Pamphilae
1060 2624 1191 2687 genere,
1214 2605 1284 2685 ipse

144 2687 245 2769 igitur
266 2686 388 2751 reditus
412 2686 557 2750 Eunuchi
579 2691 635 2750 est
679 2686 741 2750 Sed
763 2687 827 2750 iam
850 2708 947 2771 supra
967 2689 1197 2763 adnotavimus,
1220 2688 1284 2752 alio

145 2772 247 2850 medo,
270 2771 420 2854 qnoniam
442 2771 514 2834 rixa
527 2770 638 2834 militis
651 2771 820 2836 Menandri
830 2772 984 2837 Eunucho
998 2795 1061 2838 non
1076 2774 1163 2852 insit,
1187 2772 1284 2839 Chre·

145 2862 261 2922 metam
284 2856 438 2920 Thaidem
461 2858 651 2920 convenisse.
695 2860 800 2940 Atque
822 2858 850 2920 si
872 2859 943 2940 quis
965 2859 1088 2924 Colacis
1110 2880 1176 2922 esse
1199 2859 1283 2921 hano

145 2962 272 3007 scenam
295 2941 451 3024 disputet,
482 2961 522 3005 ne
544 2941 577 3005 in
600 2941 715 3005 Colace
735 2942 865 3025 quidem
894 2965 964 3007 eam
990 2945 1038 3007 ita
1064 2957 1281 3026 comparatam

145 3026 244 3091 inisse
271 3026 361 3104 licet,
395 3026 546 3108 quoniam
574 3027 608 3090 in
638 3047 676 3091 ea
705 3026 815 3092 fabula
843 3028 884 3091 de
905 3028 1070 3113 Pamphila
1091 3028 1159 3092 eive
1182 3028 1284 3092 libera

146 3110 320 3196 aperienda
339 3110 419 3174 nihil
440 3112 554 3194 agitur.
594 3112 773 3176 Transtulit
788 3113 886 3195 igitur
900 3135 939 3177 ex
956 3113 1107 3178 Eunucho
1115 3113 1284 3179 Terentius

146 3197 192 3261 nil
213 3197 275 3260 uisi
297 3196 398 3279 ipsam
421 3216 486 3260 rem
509 3203 630 3271 actam,
654 3197 783 3261 Thaidis
806 3217 877 3260 cum
901 3199 1067 3263 Chremeta
1090 3199 1283 3282 colloquium

145 3301 209 3366 quo
231 3281 270 3345 de
291 3279 458 3364 Pamphila
480 3282 546 3345 cire
568 3283 686 3363 agitem
717 3281 893 3346 Chremetis
915 3285 1101 3350 ebrietatem
1123 3286 1282 3348 timorem-

147 3387 226 3451 que,
259 3371 475 3430 narrationem
498 3387 580 3448 quae
603 3366 642 3431 de
663 3366 766 3450 epulis
793 3365 842 3443 fit,
874 3367 1005 3433 Thaidis
1033 3369 1278 3441 adhortationes,

147 3472 230 3536 quae
252 3471 365 3515 scenae
388 3456 406 3515 5
429 3459 462 3515 et
485 3456 503 3514 6
525 3452 645 3530 insunt,
667 3452 728 3516 etsi
748 3451 922 3535 permultas
944 3457 1119 3519 mutentias
1134 3453 1281 3532 dictaque

147 3535 302 3601 eColaee
331 3541 495 3600 mutuatus
522 3545 584 3614 est,
617 3536 685 3619 ipse
716 3538 927 3619 composuisse
956 3541 1127 3623 putandae.
1178 3540 1283 3618 Atque

148 3621 228 3685 adeo
250 3627 389 3684 mutasse
411 3642 482 3684 eum
504 3622 537 3685 in
560 3621 767 3686 describenda
783 3621 959 3688 Chremetis
981 3646 1117 3707 persona
1140 3624 1284 3686 Donatus

149 3707 240 3770 testis
261 3711 310 3769 est
331 3704 487 3769 adnotans
509 3707 551 3770 ad
574 3707 728 3784 111,3,1:
754 3708 846 3769 Haec
866 3708 934 3785 (sel.
947 3709 1135 3787 Chremetis)
1152 3727 1284 3792 parona

148 3791 236 3874 opud
261 3791 476 3854 Menandrum
505 3791 705 3855 odolescentia
737 3791 847 3854 rustici
877 3804 934 3856 est.
989 3794 1086 3858 Recte
1119 3792 1285 3859 adnotavit

148 3876 341 3952 Grauertus,
375 3895 517 3958 eaquae
539 3883 715 3960 sequuntur
737 3876 849 3942 rerba:
885 3888 913 3940 et
940 3878 1160 3964 inconsequens
1186 3874 1286 3940 oratio

149 3970 193 4023 eal
220 3961 378 4044 pertinere
407 3961 447 4024 ad
470 3961 651 4025 Terentium
679 3961 781 4044 iisqne
811 3962 998 4046 significari,
1029 3985 1111 4046 quae
1135 3965 1285 4027 Chremes

148 4045 300 4129 loquatur
333 4045 374 4109 ad
407 4047 476 4110 eius
503 4046 590 4110 modi
615 4067 783 4130 personam
814 4069 877 4111 uon
907 4050 1074 4133 quadrare.
1124 4048 1285 4141 imoteque
