<?xml version="1.0" encoding="UTF-8"?>
<!DOCTYPE html PUBLIC "-//W3C//DTD XHTML 1.0 Transitional//EN"
    "http://www.w3.org/TR/xhtml1/DTD/xhtml1-transitional.dtd">
<html xmlns="http://www.w3.org/1999/xhtml" xml:lang="en" lang="en">
 <head>
  <title>
</title>
<meta http-equiv="Content-Type" content="text/html;charset=utf-8" />
  <meta name='ocr-system' content='tesseract 3.04.00' />
  <meta name='ocr-capabilities' content='ocr_page ocr_carea ocr_par ocr_line ocrx_word'/>
</head>
<body>
  <div class='ocr_page' id='page_1' title='image "./quaestionestere01braugoog_0033.png"; bbox 0 0 2930 4658; ppageno 0'>
   <div class='ocr_carea' id='block_1_1' title="bbox 689 250 755 312">
    <p class='ocr_par' dir='ltr' id='par_1_1' title="bbox 689 250 755 312">
     <span class='ocr_line' id='line_1_1' title="bbox 689 250 755 312; baseline 0 0"><span class='ocrx_word' id='word_1_1' title='bbox 689 250 755 312; x_wconf 40' lang='lat'><strong>28*</strong></span> 
     </span>
    </p>
   </div>
   <div class='ocr_carea' id='block_1_2' title="bbox 230 431 1275 518">
    <p class='ocr_par' dir='ltr' id='par_1_2' title="bbox 230 431 1275 518">
     <span class='ocr_line' id='line_1_2' title="bbox 230 431 1275 518; baseline 0.001 -22"><span class='ocrx_word' id='word_1_2' title='bbox 230 431 297 496; x_wconf 87' lang='lat' dir='ltr'><strong>lam</strong></span> <span class='ocrx_word' id='word_1_3' title='bbox 327 432 411 516; x_wconf 89' lang='lat' dir='ltr'><strong>quod</strong></span> <span class='ocrx_word' id='word_1_4' title='bbox 441 432 578 507; x_wconf 81' lang='lat' dir='ltr'><strong>aceedit,</strong></span> <span class='ocrx_word' id='word_1_5' title='bbox 611 433 802 518; x_wconf 69' lang='lat' dir='ltr'><strong>antiphonis</strong></span> <span class='ocrx_word' id='word_1_6' title='bbox 823 455 988 517; x_wconf 81' lang='lat' dir='ltr'>personam</span> <span class='ocrx_word' id='word_1_7' title='bbox 1013 455 1030 496; x_wconf 89' lang='lat' dir='ltr'><strong>a</strong></span> <span class='ocrx_word' id='word_1_8' title='bbox 1054 434 1202 499; x_wconf 85' lang='lat' dir='ltr'><strong>Terentio</strong></span> <span class='ocrx_word' id='word_1_9' title='bbox 1224 434 1275 497; x_wconf 89' lang='lat' dir='ltr'><strong>in·</strong></span> 
     </span>
    </p>
   </div>
   <div class='ocr_carea' id='block_1_3' title="bbox 142 517 1276 2726">
    <p class='ocr_par' dir='ltr' id='par_1_3' title="bbox 144 517 1276 1008">
     <span class='ocr_line' id='line_1_3' title="bbox 144 517 1275 593; baseline 0.004 -16"><span class='ocrx_word' id='word_1_10' title='bbox 144 523 271 581; x_wconf 86' lang='lat' dir='ltr'><strong>ventam</strong></span> <span class='ocrx_word' id='word_1_11' title='bbox 293 519 396 582; x_wconf 89' lang='lat' dir='ltr'><strong>minus</strong></span> <span class='ocrx_word' id='word_1_12' title='bbox 418 517 611 583; x_wconf 80' lang='lat' dir='ltr'><strong>Graecorum</strong></span> <span class='ocrx_word' id='word_1_13' title='bbox 632 519 758 584; x_wconf 80' lang='lat' dir='ltr'><strong>vivendi</strong></span> <span class='ocrx_word' id='word_1_14' title='bbox 779 520 904 585; x_wconf 89' lang='lat' dir='ltr'><strong>ratione</strong></span> <span class='ocrx_word' id='word_1_15' title='bbox 925 541 1055 584; x_wconf 88' lang='lat' dir='ltr'><strong>usuram</strong></span> <span class='ocrx_word' id='word_1_16' title='bbox 1077 521 1186 593; x_wconf 83' lang='lat' dir='ltr'><strong>luisse,</strong></span> <span class='ocrx_word' id='word_1_17' title='bbox 1216 519 1275 582; x_wconf 83' lang='lat' dir='ltr'><strong>hoe</strong></span> 
     </span>
     <span class='ocr_line' id='line_1_4' title="bbox 144 602 1274 688; baseline 0.001 -23"><span class='ocrx_word' id='word_1_18' title='bbox 144 602 266 665; x_wconf 86' lang='lat' dir='ltr'><strong>minimi</strong></span> <span class='ocrx_word' id='word_1_19' title='bbox 288 604 449 680; x_wconf 77' lang='lat' dir='ltr'><strong>existim03</strong></span> <span class='ocrx_word' id='word_1_20' title='bbox 479 624 552 666; x_wconf 92' lang='lat' dir='ltr'><strong>uam</strong></span> <span class='ocrx_word' id='word_1_21' title='bbox 575 605 659 668; x_wconf 83' lang='lat' dir='ltr'><strong>coire</strong></span> <span class='ocrx_word' id='word_1_22' title='bbox 680 606 713 668; x_wconf 91' lang='lat' dir='ltr'><strong>in</strong></span> <span class='ocrx_word' id='word_1_23' title='bbox 738 606 868 670; x_wconf 87' lang='lat' dir='ltr'><strong>Piraeeo</strong></span> <span class='ocrx_word' id='word_1_24' title='bbox 889 605 1119 688; x_wconf 71' lang='lat' dir='ltr'><strong>simplicissima</strong></span> <span class='ocrx_word' id='word_1_25' title='bbox 1142 610 1189 666; x_wconf 87' lang='lat' dir='ltr'><strong>est</strong></span> <span class='ocrx_word' id='word_1_26' title='bbox 1211 605 1274 667; x_wconf 83' lang='lat' dir='ltr'><strong>die·</strong></span> 
     </span>
     <span class='ocr_line' id='line_1_5' title="bbox 144 688 1274 772; baseline 0.002 -23"><span class='ocrx_word' id='word_1_27' title='bbox 144 690 228 762; x_wconf 88' lang='lat' dir='ltr'><strong>tum,</strong></span> <span class='ocrx_word' id='word_1_28' title='bbox 261 689 409 770; x_wconf 88' lang='lat' dir='ltr'><strong>quoniam</strong></span> <span class='ocrx_word' id='word_1_29' title='bbox 438 709 489 752; x_wconf 88' lang='lat' dir='ltr'><strong>res</strong></span> <span class='ocrx_word' id='word_1_30' title='bbox 512 688 643 753; x_wconf 78' lang='lat' dir='ltr'><strong>Athenis</strong></span> <span class='ocrx_word' id='word_1_31' title='bbox 667 693 780 771; x_wconf 82' lang='lat' dir='ltr'><strong>agitur.</strong></span> <span class='ocrx_word' id='word_1_32' title='bbox 829 690 970 772; x_wconf 89' lang='lat' dir='ltr'><strong>Denique</strong></span> <span class='ocrx_word' id='word_1_33' title='bbox 992 691 1099 753; x_wconf 78' lang='lat' dir='ltr'>deesse</span> <span class='ocrx_word' id='word_1_34' title='bbox 1123 688 1274 771; x_wconf 80' lang='lat' dir='ltr'><strong>Antipho·</strong></span> 
     </span>
     <span class='ocr_line' id='line_1_6' title="bbox 144 772 1276 857; baseline 0.002 -23"><span class='ocrx_word' id='word_1_35' title='bbox 144 791 215 834; x_wconf 92' lang='lat' dir='ltr'><strong>nem</strong></span> <span class='ocrx_word' id='word_1_36' title='bbox 231 792 294 835; x_wconf 88' lang='lat' dir='ltr'><strong>non</strong></span> <span class='ocrx_word' id='word_1_37' title='bbox 309 772 435 838; x_wconf 78' lang='lat' dir='ltr'><strong>licuisse</strong></span> <span class='ocrx_word' id='word_1_38' title='bbox 450 772 620 838; x_wconf 83' lang='lat' dir='ltr'><strong>Teuffelius</strong></span> <span class='ocrx_word' id='word_1_39' title='bbox 634 776 807 840; x_wconf 82' lang='lat' dir='ltr'><strong>contendit.</strong></span> <span class='ocrx_word' id='word_1_40' title='bbox 838 774 898 839; x_wconf 85' lang='lat' dir='ltr'><strong>Sed</strong></span> <span class='ocrx_word' id='word_1_41' title='bbox 921 775 996 857; x_wconf 92' lang='lat' dir='ltr'><strong>quid</strong></span> <span class='ocrx_word' id='word_1_42' title='bbox 1019 775 1101 857; x_wconf 90' lang='lat' dir='ltr'><strong>quod</strong></span> <span class='ocrx_word' id='word_1_43' title='bbox 1123 774 1155 836; x_wconf 90' lang='lat' dir='ltr'><strong>in</strong></span> <span class='ocrx_word' id='word_1_44' title='bbox 1181 794 1276 837; x_wconf 84' lang='lat' dir='ltr'><strong>soene</strong></span> 
     </span>
     <span class='ocr_line' id='line_1_7' title="bbox 145 856 1275 943; baseline 0.003 -25"><span class='ocrx_word' id='word_1_45' title='bbox 145 856 184 920; x_wconf 86' lang='lat' dir='ltr'><strong>de</strong></span> <span class='ocrx_word' id='word_1_46' title='bbox 205 858 345 921; x_wconf 83' lang='lat' dir='ltr'><strong>vestibus</strong></span> <span class='ocrx_word' id='word_1_47' title='bbox 366 858 528 922; x_wconf 80' lang='lat' dir='ltr'><strong>mutandis</strong></span> <span class='ocrx_word' id='word_1_48' title='bbox 550 859 631 922; x_wconf 90' lang='lat' dir='ltr'><strong>nihil</strong></span> <span class='ocrx_word' id='word_1_49' title='bbox 653 861 703 939; x_wconf 73' lang='lat' dir='ltr'><strong>agi</strong></span> <span class='ocrx_word' id='word_1_50' title='bbox 726 862 867 943; x_wconf 88' lang='lat' dir='ltr'><strong>oportuit</strong></span> <span class='ocrx_word' id='word_1_51' title='bbox 889 869 946 923; x_wconf 89' lang='lat' dir='ltr'><strong>aut</strong></span> <span class='ocrx_word' id='word_1_52' title='bbox 968 860 1052 924; x_wconf 91' lang='lat' dir='ltr'><strong>domi</strong></span> <span class='ocrx_word' id='word_1_53' title='bbox 1075 880 1150 922; x_wconf 87' lang='lat' dir='ltr'><strong>suae</strong></span> <span class='ocrx_word' id='word_1_54' title='bbox 1174 865 1275 922; x_wconf 87' lang='lat' dir='ltr'><strong>vestes</strong></span> 
     </span>
     <span class='ocr_line' id='line_1_8' title="bbox 145 942 715 1008; baseline 0.002 -2"><span class='ocrx_word' id='word_1_55' title='bbox 145 949 267 1006; x_wconf 88' lang='lat' dir='ltr'><strong>mutare</strong></span> <span class='ocrx_word' id='word_1_56' title='bbox 291 942 450 1008; x_wconf 84' lang='lat' dir='ltr'><strong>Chaereae</strong></span> <span class='ocrx_word' id='word_1_57' title='bbox 473 943 563 1007; x_wconf 84' lang='lat' dir='ltr'><strong>linuit</strong></span> <span class='ocrx_word' id='word_1_58' title='bbox 583 946 715 1008; x_wconf 73' lang='lat' dir='ltr'><strong>sonan?</strong></span> 
     </span>
    </p>

    <p class='ocr_par' dir='ltr' id='par_1_4' title="bbox 142 1026 1276 2726">
     <span class='ocr_line' id='line_1_9' title="bbox 228 1026 1276 1112; baseline -0.002 -22"><span class='ocrx_word' id='word_1_59' title='bbox 228 1026 313 1091; x_wconf 87' lang='lat' dir='ltr'><strong>Nihil</strong></span> <span class='ocrx_word' id='word_1_60' title='bbox 343 1027 408 1092; x_wconf 82' lang='lat' dir='ltr'><strong>iere</strong></span> <span class='ocrx_word' id='word_1_61' title='bbox 438 1028 587 1106; x_wconf 85' lang='lat' dir='ltr'><strong>allatum,</strong></span> <span class='ocrx_word' id='word_1_62' title='bbox 624 1050 722 1112; x_wconf 83' lang='lat' dir='ltr'><strong>qnare</strong></span> <span class='ocrx_word' id='word_1_63' title='bbox 749 1030 959 1094; x_wconf 73' lang='lat' dir='ltr'><strong>Donatistae</strong></span> <span class='ocrx_word' id='word_1_64' title='bbox 990 1030 1084 1094; x_wconf 87' lang='lat' dir='ltr'><strong>verba</strong></span> <span class='ocrx_word' id='word_1_65' title='bbox 1108 1031 1163 1092; x_wconf 83' lang='lat' dir='ltr'><strong>‘Ut</strong></span> <span class='ocrx_word' id='word_1_66' title='bbox 1189 1029 1276 1109; x_wconf 79' lang='lat' dir='ltr'><strong>opud</strong></span> 
     </span>
     <span class='ocr_line' id='line_1_10' title="bbox 145 1112 1275 1200; baseline 0.001 -26"><span class='ocrx_word' id='word_1_67' title='bbox 145 1112 370 1176; x_wconf 83' lang='lat' dir='ltr'><strong>Menandram&#39;</strong></span> <span class='ocrx_word' id='word_1_68' title='bbox 392 1134 551 1194; x_wconf 76' lang='lat' dir='ltr'><strong>negemus.</strong></span> <span class='ocrx_word' id='word_1_69' title='bbox 597 1118 638 1178; x_wconf 84' lang='lat' dir='ltr'><strong>llt</strong></span> <span class='ocrx_word' id='word_1_70' title='bbox 660 1137 715 1178; x_wconf 88' lang='lat' dir='ltr'><strong>cor</strong></span> <span class='ocrx_word' id='word_1_71' title='bbox 737 1115 870 1178; x_wconf 77' lang='lat' dir='ltr'><strong>adderet</strong></span> <span class='ocrx_word' id='word_1_72' title='bbox 891 1115 973 1180; x_wconf 89' lang='lat' dir='ltr'><strong>hane</strong></span> <span class='ocrx_word' id='word_1_73' title='bbox 994 1135 1169 1200; x_wconf 87' lang='lat' dir='ltr'><strong>personam,</strong></span> <span class='ocrx_word' id='word_1_74' title='bbox 1197 1112 1275 1175; x_wconf 86' lang='lat' dir='ltr'><strong>satis</strong></span> 
     </span>
     <span class='ocr_line' id='line_1_11' title="bbox 145 1194 1274 1265; baseline 0.004 -6"><span class='ocrx_word' id='word_1_75' title='bbox 145 1194 240 1260; x_wconf 87' lang='lat' dir='ltr'><strong>fuisse</strong></span> <span class='ocrx_word' id='word_1_76' title='bbox 263 1197 340 1261; x_wconf 89' lang='lat' dir='ltr'><strong>mihi</strong></span> <span class='ocrx_word' id='word_1_77' title='bbox 363 1198 487 1262; x_wconf 85' lang='lat' dir='ltr'><strong>videtur</strong></span> <span class='ocrx_word' id='word_1_78' title='bbox 508 1199 655 1264; x_wconf 82' lang='lat' dir='ltr'><strong>Terentio</strong></span> <span class='ocrx_word' id='word_1_79' title='bbox 677 1220 800 1264; x_wconf 85' lang='lat' dir='ltr'><strong>causae.</strong></span> <span class='ocrx_word' id='word_1_80' title='bbox 839 1200 1011 1265; x_wconf 85' lang='lat' dir='ltr'><strong>Plurimum</strong></span> <span class='ocrx_word' id='word_1_81' title='bbox 1028 1201 1095 1264; x_wconf 90' lang='lat' dir='ltr'><strong>eius</strong></span> <span class='ocrx_word' id='word_1_82' title='bbox 1111 1199 1274 1263; x_wconf 77' lang='lat' dir='ltr'><strong>intererat.</strong></span> 
     </span>
     <span class='ocr_line' id='line_1_12' title="bbox 144 1281 1275 1368; baseline 0.001 -24"><span class='ocrx_word' id='word_1_83' title='bbox 144 1284 182 1345; x_wconf 89' lang='lat' dir='ltr'><strong>ut</strong></span> <span class='ocrx_word' id='word_1_84' title='bbox 202 1281 304 1363; x_wconf 78' lang='lat' dir='ltr'><strong>magis</strong></span> <span class='ocrx_word' id='word_1_85' title='bbox 325 1284 447 1346; x_wconf 80' lang='lat' dir='ltr'><strong>variam</strong></span> <span class='ocrx_word' id='word_1_86' title='bbox 469 1283 605 1346; x_wconf 79' lang='lat' dir='ltr'><strong>efficeret</strong></span> <span class='ocrx_word' id='word_1_87' title='bbox 623 1286 798 1348; x_wconf 87' lang='lat' dir='ltr'><strong>orationem</strong></span> <span class='ocrx_word' id='word_1_88' title='bbox 815 1285 1066 1368; x_wconf 64' lang='lat' dir='ltr'><strong>defatigatasque</strong></span> <span class='ocrx_word' id='word_1_89' title='bbox 1082 1290 1275 1367; x_wconf 83' lang='lat' dir='ltr'><strong>spectatores</strong></span> 
     </span>
     <span class='ocr_line' id='line_1_13' title="bbox 144 1367 1275 1443; baseline 0.002 -15"><span class='ocrx_word' id='word_1_90' title='bbox 144 1387 241 1429; x_wconf 90' lang='lat' dir='ltr'><strong>unum</strong></span> <span class='ocrx_word' id='word_1_91' title='bbox 257 1372 380 1430; x_wconf 86' lang='lat' dir='ltr'><strong>tautum</strong></span> <span class='ocrx_word' id='word_1_92' title='bbox 397 1367 562 1432; x_wconf 80' lang='lat' dir='ltr'><strong>audientes</strong></span> <span class='ocrx_word' id='word_1_93' title='bbox 577 1371 707 1443; x_wconf 80' lang='lat' dir='ltr'><strong>vitaret3</strong></span> <span class='ocrx_word' id='word_1_94' title='bbox 730 1369 839 1434; x_wconf 88' lang='lat' dir='ltr'><strong>eodem</strong></span> <span class='ocrx_word' id='word_1_95' title='bbox 863 1370 955 1434; x_wconf 86' lang='lat' dir='ltr'><strong>modo</strong></span> <span class='ocrx_word' id='word_1_96' title='bbox 977 1372 1041 1435; x_wconf 90' lang='lat' dir='ltr'><strong>alio</strong></span> <span class='ocrx_word' id='word_1_97' title='bbox 1062 1370 1130 1433; x_wconf 83' lang='lat' dir='ltr'><strong>loeo</strong></span> <span class='ocrx_word' id='word_1_98' title='bbox 1152 1387 1275 1432; x_wconf 90' lang='lat' dir='ltr'><strong>summa</strong></span> 
     </span>
     <span class='ocr_line' id='line_1_14' title="bbox 144 1451 1274 1538; baseline 0.002 -25"><span class='ocrx_word' id='word_1_99' title='bbox 144 1451 173 1515; x_wconf 90' lang='lat' dir='ltr'><strong>ei</strong></span> <span class='ocrx_word' id='word_1_100' title='bbox 196 1451 347 1515; x_wconf 88' lang='lat' dir='ltr'><strong>tribuitur</strong></span> <span class='ocrx_word' id='word_1_101' title='bbox 368 1453 454 1525; x_wconf 82' lang='lat' dir='ltr'><strong>laus,</strong></span> <span class='ocrx_word' id='word_1_102' title='bbox 487 1454 569 1536; x_wconf 90' lang='lat' dir='ltr'><strong>quod</strong></span> <span class='ocrx_word' id='word_1_103' title='bbox 600 1454 772 1518; x_wconf 88' lang='lat' dir='ltr'><strong>multarum</strong></span> <span class='ocrx_word' id='word_1_104' title='bbox 803 1476 1008 1538; x_wconf 88' lang='lat' dir='ltr'><strong>personarum</strong></span> <span class='ocrx_word' id='word_1_105' title='bbox 1032 1458 1063 1518; x_wconf 94' lang='lat' dir='ltr'><strong>in</strong></span> <span class='ocrx_word' id='word_1_106' title='bbox 1087 1474 1181 1517; x_wconf 87' lang='lat' dir='ltr'><strong>seena</strong></span> <span class='ocrx_word' id='word_1_107' title='bbox 1203 1474 1274 1516; x_wconf 87' lang='lat' dir='ltr'><strong>con·</strong></span> 
     </span>
     <span class='ocr_line' id='line_1_15' title="bbox 144 1534 1276 1622; baseline 0 -23"><span class='ocrx_word' id='word_1_108' title='bbox 144 1534 262 1600; x_wconf 84' lang='lat' dir='ltr'><strong>fluxum</strong></span> <span class='ocrx_word' id='word_1_109' title='bbox 291 1535 397 1601; x_wconf 82' lang='lat' dir='ltr'><strong>faeiat.</strong></span> <span class='ocrx_word' id='word_1_110' title='bbox 449 1538 557 1621; x_wconf 87' lang='lat' dir='ltr'><strong>Neque</strong></span> <span class='ocrx_word' id='word_1_111' title='bbox 590 1539 763 1622; x_wconf 91' lang='lat' dir='ltr'><strong>quidquam</strong></span> <span class='ocrx_word' id='word_1_112' title='bbox 797 1540 903 1604; x_wconf 87' lang='lat' dir='ltr'><strong>obstat</strong></span> <span class='ocrx_word' id='word_1_113' title='bbox 954 1543 1100 1605; x_wconf 81' lang='lat' dir='ltr'><strong>eominus</strong></span> <span class='ocrx_word' id='word_1_114' title='bbox 1127 1544 1276 1622; x_wconf 88' lang='lat' dir='ltr'><strong>putemus</strong></span> 
     </span>
     <span class='ocr_line' id='line_1_16' title="bbox 144 1562 1274 1708; baseline 0.001 -24"><span class='ocrx_word' id='word_1_115' title='bbox 144 1621 228 1705; x_wconf 88' lang='lat' dir='ltr'><strong>apud</strong></span> <span class='ocrx_word' id='word_1_116' title='bbox 252 1621 461 1686; x_wconf 85' lang='lat' dir='ltr'><strong>Menandrum</strong></span> <span class='ocrx_word' id='word_1_117' title='bbox 483 1623 543 1687; x_wconf 85' lang='lat' dir='ltr'><strong>hoe</strong></span> <span class='ocrx_word' id='word_1_118' title='bbox 565 1624 633 1687; x_wconf 86' lang='lat' dir='ltr'><strong>loeo</strong></span> <span class='ocrx_word' id='word_1_119' title='bbox 657 1624 846 1701; x_wconf 81' lang='lat' dir='ltr'><strong>Chaeream,</strong></span> <span class='ocrx_word' id='word_1_120' title='bbox 877 1562 953 1708; x_wconf 64' lang='lat' dir='ltr'><strong>quid</strong></span> <span class='ocrx_word' id='word_1_121' title='bbox 975 1626 1061 1689; x_wconf 90' lang='lat' dir='ltr'><strong>intus</strong></span> <span class='ocrx_word' id='word_1_122' title='bbox 1083 1634 1204 1704; x_wconf 80' lang='lat' dir='ltr'><strong>gestum</strong></span> <span class='ocrx_word' id='word_1_123' title='bbox 1227 1643 1274 1685; x_wconf 91' lang='lat' dir='ltr'><strong>es-</strong></span> 
     </span>
     <span class='ocr_line' id='line_1_17' title="bbox 144 1707 1273 1793; baseline 0 -24"><span class='ocrx_word' id='word_1_124' title='bbox 144 1712 206 1784; x_wconf 84' lang='lat' dir='ltr'><strong>set,</strong></span> <span class='ocrx_word' id='word_1_125' title='bbox 237 1726 300 1769; x_wconf 89' lang='lat' dir='ltr'><strong>non</strong></span> <span class='ocrx_word' id='word_1_126' title='bbox 323 1707 528 1772; x_wconf 88' lang='lat' dir='ltr'><strong>disserentem</strong></span> <span class='ocrx_word' id='word_1_127' title='bbox 552 1730 622 1772; x_wconf 89' lang='lat' dir='ltr'><strong>eum</strong></span> <span class='ocrx_word' id='word_1_128' title='bbox 648 1711 826 1793; x_wconf 83' lang='lat' dir='ltr'><strong>Antiphone</strong></span> <span class='ocrx_word' id='word_1_129' title='bbox 848 1711 901 1773; x_wconf 86' lang='lat' dir='ltr'><strong>sed</strong></span> <span class='ocrx_word' id='word_1_130' title='bbox 927 1731 1032 1774; x_wconf 87' lang='lat' dir='ltr'><strong>seeum</strong></span> <span class='ocrx_word' id='word_1_131' title='bbox 1056 1710 1146 1792; x_wconf 88' lang='lat' dir='ltr'><strong>quasi</strong></span> <span class='ocrx_word' id='word_1_132' title='bbox 1169 1726 1273 1771; x_wconf 83' lang='lat' dir='ltr'><strong>eoram</strong></span> 
     </span>
     <span class='ocr_line' id='line_1_18' title="bbox 144 1791 1274 1877; baseline -0.002 -21"><span class='ocrx_word' id='word_1_133' title='bbox 144 1791 260 1875; x_wconf 89' lang='lat' dir='ltr'><strong>populo</strong></span> <span class='ocrx_word' id='word_1_134' title='bbox 282 1791 461 1873; x_wconf 88' lang='lat' dir='ltr'><strong>loquentem</strong></span> <span class='ocrx_word' id='word_1_135' title='bbox 484 1814 647 1873; x_wconf 87' lang='lat' dir='ltr'><strong>narrasse;</strong></span> <span class='ocrx_word' id='word_1_136' title='bbox 683 1796 832 1859; x_wconf 85' lang='lat' dir='ltr'><strong>minimae</strong></span> <span class='ocrx_word' id='word_1_137' title='bbox 854 1797 936 1858; x_wconf 92' lang='lat' dir='ltr'><strong>euim</strong></span> <span class='ocrx_word' id='word_1_138' title='bbox 961 1802 1035 1859; x_wconf 87' lang='lat' dir='ltr'><strong>sunt</strong></span> <span class='ocrx_word' id='word_1_139' title='bbox 1057 1803 1164 1877; x_wconf 86' lang='lat' dir='ltr'><strong>partes</strong></span> <span class='ocrx_word' id='word_1_140' title='bbox 1187 1794 1274 1857; x_wconf 87' lang='lat' dir='ltr'><strong>Anti·</strong></span> 
     </span>
     <span class='ocr_line' id='line_1_19' title="bbox 143 1876 1274 1962; baseline -0.001 -21"><span class='ocrx_word' id='word_1_141' title='bbox 143 1876 267 1962; x_wconf 93' lang='lat' dir='ltr'><strong>phonis.</strong></span> <span class='ocrx_word' id='word_1_142' title='bbox 313 1878 380 1940; x_wconf 85' lang='lat' dir='ltr'><strong>Hoc</strong></span> <span class='ocrx_word' id='word_1_143' title='bbox 402 1899 465 1942; x_wconf 89' lang='lat' dir='ltr'><strong>non</strong></span> <span class='ocrx_word' id='word_1_144' title='bbox 488 1879 624 1942; x_wconf 90' lang='lat' dir='ltr'><strong>alienum</strong></span> <span class='ocrx_word' id='word_1_145' title='bbox 650 1899 717 1944; x_wconf 89' lang='lat' dir='ltr'><strong>esse</strong></span> <span class='ocrx_word' id='word_1_146' title='bbox 740 1901 759 1942; x_wconf 90' lang='lat' dir='ltr'><strong>a</strong></span> <span class='ocrx_word' id='word_1_147' title='bbox 782 1901 867 1943; x_wconf 89' lang='lat' dir='ltr'><strong>more</strong></span> <span class='ocrx_word' id='word_1_148' title='bbox 890 1880 1055 1945; x_wconf 87' lang='lat' dir='ltr'><strong>Menandri</strong></span> <span class='ocrx_word' id='word_1_149' title='bbox 1077 1880 1274 1943; x_wconf 86' lang='lat' dir='ltr'><strong>demonstrat</strong></span> 
     </span>
     <span class='ocr_line' id='line_1_20' title="bbox 144 1962 1270 2048; baseline -0.003 -21"><span class='ocrx_word' id='word_1_150' title='bbox 144 1962 185 2028; x_wconf 88' lang='grc' dir='ltr'><strong>ΙΙ,</strong></span> <span class='ocrx_word' id='word_1_151' title='bbox 210 1966 238 2036; x_wconf 83' lang='lat'><strong>2,</strong></span> <span class='ocrx_word' id='word_1_152' title='bbox 265 1967 364 2026; x_wconf 80' lang='lat'>1-33</span> <span class='ocrx_word' id='word_1_153' title='bbox 387 1963 551 2028; x_wconf 88' lang='lat' dir='ltr'><strong>meditatio</strong></span> <span class='ocrx_word' id='word_1_154' title='bbox 574 1965 761 2028; x_wconf 82' lang='lat' dir='ltr'><strong>Gnathonis.</strong></span> <span class='ocrx_word' id='word_1_155' title='bbox 806 1965 887 2043; x_wconf 83' lang='lat' dir='ltr'><strong>Quid</strong></span> <span class='ocrx_word' id='word_1_156' title='bbox 910 1967 1072 2048; x_wconf 84' lang='lat' dir='ltr'><strong>scripserit</strong></span> <span class='ocrx_word' id='word_1_157' title='bbox 1094 1964 1270 2038; x_wconf 86' lang='lat' dir='ltr'><strong>Menander,</strong></span> 
     </span>
     <span class='ocr_line' id='line_1_21' title="bbox 143 2047 1268 2133; baseline -0.002 -22"><span class='ocrx_word' id='word_1_158' title='bbox 143 2048 244 2123; x_wconf 72' lang='lat' dir='ltr'><strong>eunici</strong></span> <span class='ocrx_word' id='word_1_159' title='bbox 266 2047 342 2111; x_wconf 86' lang='lat' dir='ltr'><strong>lieet</strong></span> <span class='ocrx_word' id='word_1_160' title='bbox 363 2048 504 2112; x_wconf 85' lang='lat' dir='ltr'><strong>versibus</strong></span> <span class='ocrx_word' id='word_1_161' title='bbox 520 2054 617 2128; x_wconf 76' lang='lat' dir='ltr'><strong>a-9,</strong></span> <span class='ocrx_word' id='word_1_162' title='bbox 641 2050 755 2133; x_wconf 91' lang='lat' dir='ltr'><strong>quibus</strong></span> <span class='ocrx_word' id='word_1_163' title='bbox 776 2051 941 2114; x_wconf 88' lang='lat' dir='ltr'><strong>timentem</strong></span> <span class='ocrx_word' id='word_1_164' title='bbox 963 2052 1041 2114; x_wconf 83' lang='lat' dir='ltr'><strong>iacit</strong></span> <span class='ocrx_word' id='word_1_165' title='bbox 1061 2057 1155 2133; x_wconf 87' lang='lat' dir='ltr'><strong>poeta</strong></span> <span class='ocrx_word' id='word_1_166' title='bbox 1173 2047 1268 2111; x_wconf 87' lang='lat' dir='ltr'><strong>Chae·</strong></span> 
     </span>
     <span class='ocr_line' id='line_1_22' title="bbox 143 2134 1271 2217; baseline -0.004 -20"><span class='ocrx_word' id='word_1_167' title='bbox 143 2153 230 2197; x_wconf 88' lang='lat' dir='ltr'><strong>ream</strong></span> <span class='ocrx_word' id='word_1_168' title='bbox 261 2134 390 2214; x_wconf 90' lang='lat' dir='ltr'><strong>nequis</strong></span> <span class='ocrx_word' id='word_1_169' title='bbox 412 2134 479 2196; x_wconf 87' lang='lat' dir='ltr'><strong>eius</strong></span> <span class='ocrx_word' id='word_1_170' title='bbox 498 2134 652 2215; x_wconf 64' lang='lat' dir='ltr'><strong>‘gaudium</strong></span> <span class='ocrx_word' id='word_1_171' title='bbox 675 2134 823 2198; x_wconf 84' lang='lat' dir='ltr'><strong>deturbet</strong></span> <span class='ocrx_word' id='word_1_172' title='bbox 844 2155 954 2199; x_wconf 87' lang='lat' dir='ltr'><strong>eumve</strong></span> <span class='ocrx_word' id='word_1_173' title='bbox 977 2135 1144 2217; x_wconf 84' lang='lat' dir='ltr'><strong>rogitando</strong></span> <span class='ocrx_word' id='word_1_174' title='bbox 1164 2152 1271 2197; x_wconf 86' lang='lat' dir='ltr'><strong>exuru-</strong></span> 
     </span>
     <span class='ocr_line' id='line_1_23' title="bbox 143 2217 1272 2302; baseline -0.001 -22"><span class='ocrx_word' id='word_1_175' title='bbox 143 2218 213 2281; x_wconf 87' lang='lat' dir='ltr'><strong>eiet.</strong></span> <span class='ocrx_word' id='word_1_176' title='bbox 258 2217 346 2297; x_wconf 80' lang='lat' dir='ltr'><strong>Quae</strong></span> <span class='ocrx_word' id='word_1_177' title='bbox 369 2218 463 2281; x_wconf 88' lang='lat' dir='ltr'><strong>verba</strong></span> <span class='ocrx_word' id='word_1_178' title='bbox 487 2239 582 2301; x_wconf 91' lang='lat' dir='ltr'><strong>quam</strong></span> <span class='ocrx_word' id='word_1_179' title='bbox 606 2220 645 2282; x_wconf 91' lang='lat' dir='ltr'><strong>ad</strong></span> <span class='ocrx_word' id='word_1_180' title='bbox 669 2219 808 2283; x_wconf 86' lang='lat' dir='ltr'><strong>Terentii</strong></span> <span class='ocrx_word' id='word_1_181' title='bbox 835 2219 919 2283; x_wconf 87' lang='lat' dir='ltr'><strong>hane</strong></span> <span class='ocrx_word' id='word_1_182' title='bbox 948 2240 1072 2285; x_wconf 83' lang='lat' dir='ltr'><strong>scenam</strong></span> <span class='ocrx_word' id='word_1_183' title='bbox 1106 2228 1182 2302; x_wconf 89' lang='lat' dir='ltr'><strong>apta</strong></span> <span class='ocrx_word' id='word_1_184' title='bbox 1210 2237 1272 2280; x_wconf 89' lang='lat' dir='ltr'><strong>nou</strong></span> 
     </span>
     <span class='ocr_line' id='line_1_24' title="bbox 143 2301 1276 2387; baseline -0.002 -21"><span class='ocrx_word' id='word_1_185' title='bbox 143 2303 219 2376; x_wconf 91' lang='lat' dir='ltr'><strong>sint,</strong></span> <span class='ocrx_word' id='word_1_186' title='bbox 253 2301 344 2387; x_wconf 67' lang='lat' dir='ltr'><strong>facile</strong></span> <span class='ocrx_word' id='word_1_187' title='bbox 366 2302 547 2383; x_wconf 77' lang='lat' dir='ltr'><strong>intellegas.</strong></span> <span class='ocrx_word' id='word_1_188' title='bbox 581 2304 635 2367; x_wconf 88' lang='lat' dir='ltr'><strong>sed</strong></span> <span class='ocrx_word' id='word_1_189' title='bbox 658 2304 690 2366; x_wconf 93' lang='lat' dir='ltr'><strong>id</strong></span> <span class='ocrx_word' id='word_1_190' title='bbox 714 2311 824 2387; x_wconf 88' lang='lat' dir='ltr'><strong>optare</strong></span> <span class='ocrx_word' id='word_1_191' title='bbox 848 2304 1038 2379; x_wconf 80' lang='lat' dir='ltr'><strong>Chaeream,</strong></span> <span class='ocrx_word' id='word_1_192' title='bbox 1071 2311 1107 2368; x_wconf 91' lang='lat' dir='ltr'><strong>ut</strong></span> <span class='ocrx_word' id='word_1_193' title='bbox 1128 2305 1213 2366; x_wconf 86' lang='lat' dir='ltr'><strong>solus</strong></span> <span class='ocrx_word' id='word_1_194' title='bbox 1234 2303 1276 2365; x_wconf 91' lang='lat' dir='ltr'><strong>sit</strong></span> 
     </span>
     <span class='ocr_line' id='line_1_25' title="bbox 142 2388 1275 2472; baseline -0.003 -21"><span class='ocrx_word' id='word_1_195' title='bbox 142 2407 244 2469; x_wconf 88' lang='lat' dir='ltr'><strong>neque</strong></span> <span class='ocrx_word' id='word_1_196' title='bbox 266 2408 425 2470; x_wconf 87' lang='lat' dir='ltr'><strong>quoquam</strong></span> <span class='ocrx_word' id='word_1_197' title='bbox 447 2398 614 2471; x_wconf 89' lang='lat' dir='ltr'><strong>praesente</strong></span> <span class='ocrx_word' id='word_1_198' title='bbox 636 2389 711 2472; x_wconf 91' lang='lat' dir='ltr'><strong>quid</strong></span> <span class='ocrx_word' id='word_1_199' title='bbox 735 2396 857 2472; x_wconf 81' lang='lat' dir='ltr'><strong>gestum</strong></span> <span class='ocrx_word' id='word_1_200' title='bbox 885 2391 928 2453; x_wconf 91' lang='lat' dir='ltr'><strong>sit</strong></span> <span class='ocrx_word' id='word_1_201' title='bbox 953 2410 1106 2453; x_wconf 87' lang='lat' dir='ltr'><strong>enarrans</strong></span> <span class='ocrx_word' id='word_1_202' title='bbox 1134 2388 1275 2451; x_wconf 88' lang='lat' dir='ltr'><strong>laetitiae</strong></span> 
     </span>
     <span class='ocr_line' id='line_1_26' title="bbox 142 2471 1275 2557; baseline 0 -24"><span class='ocrx_word' id='word_1_203' title='bbox 142 2471 314 2552; x_wconf 78' lang='lat' dir='ltr'><strong>indulgeat.</strong></span> <span class='ocrx_word' id='word_1_204' title='bbox 352 2473 435 2550; x_wconf 86' lang='lat' dir='ltr'><strong>.Qua</strong></span> <span class='ocrx_word' id='word_1_205' title='bbox 464 2473 503 2535; x_wconf 89' lang='lat' dir='ltr'><strong>de</strong></span> <span class='ocrx_word' id='word_1_206' title='bbox 533 2494 629 2537; x_wconf 88' lang='lat' dir='ltr'><strong>causa</strong></span> <span class='ocrx_word' id='word_1_207' title='bbox 651 2475 817 2538; x_wconf 87' lang='lat' dir='ltr'><strong>Terentius</strong></span> <span class='ocrx_word' id='word_1_208' title='bbox 840 2475 899 2538; x_wconf 84' lang='lat' dir='ltr'><strong>hoe</strong></span> <span class='ocrx_word' id='word_1_209' title='bbox 922 2475 1082 2540; x_wconf 83' lang='lat' dir='ltr'><strong>Chaereae</strong></span> <span class='ocrx_word' id='word_1_210' title='bbox 1102 2473 1186 2557; x_wconf 90' lang='lat' dir='ltr'><strong>apud</strong></span> <span class='ocrx_word' id='word_1_211' title='bbox 1210 2472 1275 2534; x_wconf 89' lang='lat' dir='ltr'><strong>Me·</strong></span> 
     </span>
     <span class='ocr_line' id='line_1_27' title="bbox 142 2555 1275 2643; baseline -0.003 -23"><span class='ocrx_word' id='word_1_212' title='bbox 142 2555 300 2620; x_wconf 87' lang='lat' dir='ltr'><strong>nandrum</strong></span> <span class='ocrx_word' id='word_1_213' title='bbox 324 2556 513 2621; x_wconf 88' lang='lat' dir='ltr'><strong>desiderium</strong></span> <span class='ocrx_word' id='word_1_214' title='bbox 537 2560 713 2640; x_wconf 72' lang='lat' dir='ltr'><strong>neglexerit</strong></span> <span class='ocrx_word' id='word_1_215' title='bbox 734 2560 890 2643; x_wconf 86' lang='lat' dir='ltr'><strong>aliterque</strong></span> <span class='ocrx_word' id='word_1_216' title='bbox 913 2581 978 2623; x_wconf 91' lang='lat' dir='ltr'><strong>rem</strong></span> <span class='ocrx_word' id='word_1_217' title='bbox 1000 2558 1200 2634; x_wconf 89' lang='lat' dir='ltr'><strong>instruxerit,</strong></span> <span class='ocrx_word' id='word_1_218' title='bbox 1223 2576 1275 2619; x_wconf 89' lang='lat' dir='ltr'><strong>su-</strong></span> 
     </span>
     <span class='ocr_line' id='line_1_28' title="bbox 142 2642 641 2726; baseline -0.002 -21"><span class='ocrx_word' id='word_1_219' title='bbox 142 2662 201 2726; x_wconf 90' lang='lat' dir='ltr'><strong>pra</strong></span> <span class='ocrx_word' id='word_1_220' title='bbox 222 2642 284 2706; x_wconf 89' lang='lat' dir='ltr'><strong>iam</strong></span> <span class='ocrx_word' id='word_1_221' title='bbox 308 2642 641 2723; x_wconf 86' lang='lat' dir='ltr'><strong>demonstravimus1).</strong></span> 
     </span>
    </p>
   </div>
   <div class='ocr_carea' id='block_1_4' title="bbox 121 2913 1277 3756">
    <p class='ocr_par' dir='ltr' id='par_1_5' title="bbox 214 2913 1274 2984">
     <span class='ocr_line' id='line_1_29' title="bbox 214 2913 1274 2984; baseline -0.002 -16"><span class='ocrx_word' id='word_1_222' title='bbox 214 2915 234 2984; x_wconf 83' lang='lat'><strong>¹)</strong></span> <span class='ocrx_word' id='word_1_223' title='bbox 270 2914 360 2968; x_wconf 90' lang='lat' dir='ltr'><strong>Aliter</strong></span> <span class='ocrx_word' id='word_1_224' title='bbox 378 2915 451 2968; x_wconf 86' lang='lat' dir='ltr'><strong>hune</strong></span> <span class='ocrx_word' id='word_1_225' title='bbox 469 2914 558 2968; x_wconf 78' lang='lat' dir='ltr'><strong>losum</strong></span> <span class='ocrx_word' id='word_1_226' title='bbox 575 2913 714 2968; x_wconf 85' lang='lat' dir='ltr'><strong>intellexit</strong></span> <span class='ocrx_word' id='word_1_227' title='bbox 725 2913 847 2967; x_wconf 86' lang='lat' dir='ltr'><strong>Donatus</strong></span> <span class='ocrx_word' id='word_1_228' title='bbox 866 2921 895 2966; x_wconf 88' lang='lat' dir='ltr'><strong>et</strong></span> <span class='ocrx_word' id='word_1_229' title='bbox 907 2914 1010 2982; x_wconf 86' lang='lat' dir='ltr'><strong>Beufey</strong></span> <span class='ocrx_word' id='word_1_230' title='bbox 1028 2917 1055 2967; x_wconf 89' lang='lat' dir='ltr'><strong>in</strong></span> <span class='ocrx_word' id='word_1_231' title='bbox 1073 2913 1167 2966; x_wconf 87' lang='lat' dir='ltr'><strong>transl.</strong></span> <span class='ocrx_word' id='word_1_232' title='bbox 1183 2913 1274 2966; x_wconf 85' lang='lat' dir='ltr'><strong>Germ.</strong></span> 
     </span>
    </p>

    <p class='ocr_par' dir='ltr' id='par_1_6' title="bbox 121 2984 1277 3756">
     <span class='ocr_line' id='line_1_30' title="bbox 142 2984 1274 3054; baseline -0.001 -15"><span class='ocrx_word' id='word_1_233' title='bbox 142 3002 168 3054; x_wconf 89' lang='lat' dir='ltr'><strong>p.</strong></span> <span class='ocrx_word' id='word_1_234' title='bbox 182 2987 233 3039; x_wconf 81' lang='lat'><strong>606</strong></span> <span class='ocrx_word' id='word_1_235' title='bbox 253 2989 283 3039; x_wconf 88' lang='lat' dir='ltr'><strong>et</strong></span> <span class='ocrx_word' id='word_1_236' title='bbox 300 2988 357 3040; x_wconf 83' lang='lat'><strong>709.</strong></span> <span class='ocrx_word' id='word_1_237' title='bbox 394 2985 437 3038; x_wconf 80' lang='lat' dir='ltr'><strong>Ad</strong></span> <span class='ocrx_word' id='word_1_238' title='bbox 454 2985 539 3039; x_wconf 86' lang='lat' dir='ltr'><strong>verba</strong></span> <span class='ocrx_word' id='word_1_239' title='bbox 557 2985 629 3038; x_wconf 90' lang='lat' dir='ltr'><strong>anim</strong></span> <span class='ocrx_word' id='word_1_240' title='bbox 648 3000 716 3053; x_wconf 88' lang='lat' dir='ltr'><strong>quae</strong></span> <span class='ocrx_word' id='word_1_241' title='bbox 735 2988 798 3039; x_wconf 87' lang='lat' dir='ltr'><strong>sunt</strong></span> <span class='ocrx_word' id='word_1_242' title='bbox 816 2985 870 3054; x_wconf 81' lang='lat' dir='ltr'><strong>‘qui</strong></span> <span class='ocrx_word' id='word_1_243' title='bbox 880 2984 1061 3054; x_wconf 81' lang='lat' dir='ltr'><strong>maaeqaatur’</strong></span> <span class='ocrx_word' id='word_1_244' title='bbox 1084 2984 1207 3037; x_wconf 84' lang='lat' dir='ltr'><strong>Donatus</strong></span> <span class='ocrx_word' id='word_1_245' title='bbox 1226 2987 1274 3039; x_wconf 89' lang='lat' dir='ltr'><strong>ad-</strong></span> 
     </span>
     <span class='ocr_line' id='line_1_31' title="bbox 143 3053 1277 3124; baseline 0.002 -16"><span class='ocrx_word' id='word_1_246' title='bbox 143 3060 233 3110; x_wconf 87' lang='lat' dir='ltr'><strong>notat:</strong></span> <span class='ocrx_word' id='word_1_247' title='bbox 260 3056 297 3108; x_wconf 83' lang='lat' dir='ltr'><strong>Id</strong></span> <span class='ocrx_word' id='word_1_248' title='bbox 318 3053 391 3123; x_wconf 75' lang='lat' dir='ltr'><strong>eupit</strong></span> <span class='ocrx_word' id='word_1_249' title='bbox 410 3056 526 3123; x_wconf 75' lang='lat' dir='ltr'><strong>pandens</strong></span> <span class='ocrx_word' id='word_1_250' title='bbox 551 3056 621 3124; x_wconf 83' lang='lat' dir='ltr'><strong>qaod</strong></span> <span class='ocrx_word' id='word_1_251' title='bbox 643 3054 761 3106; x_wconf 78' lang='lat' dir='ltr'><strong>tra&#39;atibaa</strong></span> <span class='ocrx_word' id='word_1_252' title='bbox 778 3056 912 3108; x_wconf 68' lang='lat' dir='ltr'><strong>memsam</strong></span> <span class='ocrx_word' id='word_1_253' title='bbox 932 3062 969 3107; x_wconf 81' lang='lat' dir='ltr'><strong>est</strong></span> <span class='ocrx_word' id='word_1_254' title='bbox 987 3055 1042 3123; x_wconf 75' lang='lat' dir='ltr'><strong>(sel.</strong></span> <span class='ocrx_word' id='word_1_255' title='bbox 1061 3055 1121 3106; x_wconf 85' lang='lat' dir='ltr'><strong>aliis</strong></span> <span class='ocrx_word' id='word_1_256' title='bbox 1139 3056 1175 3107; x_wconf 88' lang='lat' dir='ltr'><strong>de</strong></span> <span class='ocrx_word' id='word_1_257' title='bbox 1193 3056 1277 3110; x_wconf 88' lang='lat' dir='ltr'><strong>rebus</strong></span> 
     </span>
     <span class='ocr_line' id='line_1_32' title="bbox 142 3125 1277 3194; baseline -0.002 -15"><span class='ocrx_word' id='word_1_258' title='bbox 142 3126 266 3181; x_wconf 82' lang='lat' dir='ltr'><strong>secundis</strong></span> <span class='ocrx_word' id='word_1_259' title='bbox 289 3125 416 3194; x_wconf 79' lang='lat' dir='ltr'><strong>referre),</strong></span> <span class='ocrx_word' id='word_1_260' title='bbox 447 3143 508 3179; x_wconf 85' lang='lat' dir='ltr'><strong>nam</strong></span> <span class='ocrx_word' id='word_1_261' title='bbox 528 3130 620 3178; x_wconf 83' lang='lat' dir='ltr'><strong>eontra</strong></span> <span class='ocrx_word' id='word_1_262' title='bbox 639 3125 808 3177; x_wconf 76' lang='lat' dir='ltr'><strong>Menedemus</strong></span> <span class='ocrx_word' id='word_1_263' title='bbox 831 3131 961 3192; x_wconf 73' lang='lat' dir='ltr'><strong>prae-alm</strong></span> <span class='ocrx_word' id='word_1_264' title='bbox 984 3141 1097 3178; x_wconf 82' lang='lat' dir='ltr'><strong>narrare</strong></span> <span class='ocrx_word' id='word_1_265' title='bbox 1119 3143 1186 3194; x_wconf 82' lang='lat' dir='ltr'><strong>qaue</strong></span> <span class='ocrx_word' id='word_1_266' title='bbox 1209 3127 1277 3179; x_wconf 81' lang='lat' dir='ltr'><strong>dolet</strong></span> 
     </span>
     <span class='ocr_line' id='line_1_33' title="bbox 141 3194 1273 3266; baseline -0.004 -16"><span class='ocrx_word' id='word_1_267' title='bbox 141 3197 179 3265; x_wconf 85' lang='lat' dir='ltr'><strong>(in</strong></span> <span class='ocrx_word' id='word_1_268' title='bbox 194 3197 525 3261; x_wconf 77' lang='lat' dir='ltr'><strong>Heautontimorumeuol5</strong></span> <span class='ocrx_word' id='word_1_269' title='bbox 551 3200 579 3247; x_wconf 86' lang='lat' dir='ltr'><strong>et</strong></span> <span class='ocrx_word' id='word_1_270' title='bbox 598 3197 633 3249; x_wconf 86' lang='lat' dir='ltr'><strong>ad</strong></span> <span class='ocrx_word' id='word_1_271' title='bbox 650 3196 745 3247; x_wconf 88' lang='lat' dir='ltr'><strong>verba:</strong></span> <span class='ocrx_word' id='word_1_272' title='bbox 765 3195 827 3247; x_wconf 77' lang='lat' dir='ltr'><strong>‘Sed</strong></span> <span class='ocrx_word' id='word_1_273' title='bbox 844 3194 1004 3247; x_wconf 77' lang='lat' dir='ltr'><strong>nominemue</strong></span> <span class='ocrx_word' id='word_1_274' title='bbox 1022 3195 1164 3246; x_wconf 79' lang='lat' dir='ltr'><strong>curiosum‘</strong></span> <span class='ocrx_word' id='word_1_275' title='bbox 1183 3200 1273 3266; x_wconf 82' lang='lat' dir='ltr'><strong>Appo-</strong></span> 
     </span>
     <span class='ocr_line' id='line_1_34' title="bbox 143 3261 1272 3334; baseline -0.004 -16"><span class='ocrx_word' id='word_1_276' title='bbox 143 3271 218 3319; x_wconf 69' lang='grc' dir='ltr'><strong>ναίω</strong></span> <span class='ocrx_word' id='word_1_277' title='bbox 243 3267 280 3319; x_wconf 82' lang='lat' dir='ltr'><strong>ad</strong></span> <span class='ocrx_word' id='word_1_278' title='bbox 302 3265 471 3318; x_wconf 81' lang='lat' dir='ltr'><strong>intentionem</strong></span> <span class='ocrx_word' id='word_1_279' title='bbox 491 3267 606 3334; x_wconf 73' lang='lat' dir='ltr'><strong>fattarae</strong></span> <span class='ocrx_word' id='word_1_280' title='bbox 631 3264 795 3317; x_wconf 75' lang='lat' dir='ltr'><strong>narrationis</strong></span> <span class='ocrx_word' id='word_1_281' title='bbox 818 3261 924 3315; x_wconf 79' lang='lat' dir='ltr'><strong>dicitnr.</strong></span> <span class='ocrx_word' id='word_1_282' title='bbox 967 3266 1016 3318; x_wconf 90' lang='lat' dir='ltr'><strong>His</strong></span> <span class='ocrx_word' id='word_1_283' title='bbox 1038 3265 1124 3333; x_wconf 83' lang='lat' dir='ltr'><strong>igitur</strong></span> <span class='ocrx_word' id='word_1_284' title='bbox 1142 3265 1272 3320; x_wconf 85' lang='lat' dir='ltr'><strong>Chaereae</strong></span> 
     </span>
     <span class='ocr_line' id='line_1_35' title="bbox 121 3334 1271 3402; baseline -0.006 -11"><span class='ocrx_word' id='word_1_285' title='bbox 121 3365 122 3368; x_wconf 55' lang='lat'><em>=</em></span> <span class='ocrx_word' id='word_1_286' title='bbox 141 3337 232 3391; x_wconf 86' lang='lat' dir='ltr'><strong>verbis</strong></span> <span class='ocrx_word' id='word_1_287' title='bbox 248 3338 277 3390; x_wconf 88' lang='lat' dir='ltr'><strong>id</strong></span> <span class='ocrx_word' id='word_1_288' title='bbox 295 3337 385 3390; x_wconf 86' lang='lat' dir='ltr'><strong>inesse</strong></span> <span class='ocrx_word' id='word_1_289' title='bbox 402 3336 462 3389; x_wconf 83' lang='lat' dir='ltr'><strong>vult</strong></span> <span class='ocrx_word' id='word_1_290' title='bbox 477 3336 608 3400; x_wconf 85' lang='lat' dir='ltr'><strong>Donatus,</strong></span> <span class='ocrx_word' id='word_1_291' title='bbox 626 3341 658 3388; x_wconf 91' lang='lat' dir='ltr'><strong>ut</strong></span> <span class='ocrx_word' id='word_1_292' title='bbox 675 3338 810 3402; x_wconf 78' lang='lat' dir='ltr'><strong>gravetur,</strong></span> <span class='ocrx_word' id='word_1_293' title='bbox 830 3334 903 3401; x_wconf 88' lang='lat' dir='ltr'><strong>quod</strong></span> <span class='ocrx_word' id='word_1_294' title='bbox 921 3352 977 3388; x_wconf 91' lang='lat' dir='ltr'><strong>non</strong></span> <span class='ocrx_word' id='word_1_295' title='bbox 994 3335 1095 3388; x_wconf 89' lang='lat' dir='ltr'><strong>habeat</strong></span> <span class='ocrx_word' id='word_1_296' title='bbox 1112 3335 1157 3389; x_wconf 86' lang='lat' dir='ltr'><strong>eui</strong></span> <span class='ocrx_word' id='word_1_297' title='bbox 1173 3337 1271 3398; x_wconf 86' lang='lat' dir='ltr'><strong>narret,</strong></span> 
     </span>
     <span class='ocr_line' id='line_1_36' title="bbox 142 3402 1271 3475; baseline -0.007 -14"><span class='ocrx_word' id='word_1_298' title='bbox 142 3408 311 3475; x_wconf 88' lang='lat' dir='ltr'><strong>eundemque</strong></span> <span class='ocrx_word' id='word_1_299' title='bbox 323 3423 431 3460; x_wconf 87' lang='lat' dir='ltr'><strong>sensum</strong></span> <span class='ocrx_word' id='word_1_300' title='bbox 442 3406 531 3459; x_wconf 85' lang='lat' dir='ltr'><strong>inesse</strong></span> <span class='ocrx_word' id='word_1_301' title='bbox 543 3410 623 3472; x_wconf 89' lang='lat' dir='ltr'><strong>putat</strong></span> <span class='ocrx_word' id='word_1_302' title='bbox 631 3404 733 3472; x_wconf 83' lang='lat' dir='ltr'><strong>Benfey</strong></span> <span class='ocrx_word' id='word_1_303' title='bbox 745 3422 806 3458; x_wconf 90' lang='lat' dir='ltr'><strong>eum</strong></span> <span class='ocrx_word' id='word_1_304' title='bbox 820 3405 902 3458; x_wconf 83' lang='lat' dir='ltr'><strong>dicit:</strong></span> <span class='ocrx_word' id='word_1_305' title='bbox 920 3405 1001 3457; x_wconf 82' lang='lat' dir='ltr'><strong>Doch</strong></span> <span class='ocrx_word' id='word_1_306' title='bbox 1013 3423 1083 3457; x_wconf 79' lang='lat' dir='ltr'><strong>musa</strong></span> <span class='ocrx_word' id='word_1_307' title='bbox 1096 3411 1143 3457; x_wconf 80' lang='lat' dir='ltr'><strong>ate.</strong></span> <span class='ocrx_word' id='word_1_308' title='bbox 1164 3410 1202 3458; x_wconf 88' lang='lat' dir='ltr'><strong>et:</strong></span> <span class='ocrx_word' id='word_1_309' title='bbox 1220 3402 1271 3454; x_wconf 79' lang='lat' dir='ltr'><strong>Ich</strong></span> 
     </span>
     <span class='ocr_line' id='line_1_37' title="bbox 140 3472 1273 3547; baseline -0.004 -18"><span class='ocrx_word' id='word_1_310' title='bbox 140 3477 191 3547; x_wconf 75' lang='lat' dir='ltr'><strong>pah</strong></span> <span class='ocrx_word' id='word_1_311' title='bbox 214 3478 270 3529; x_wconf 79' lang='lat' dir='ltr'><strong>aad</strong></span> <span class='ocrx_word' id='word_1_312' title='bbox 290 3475 349 3528; x_wconf 82' lang='lat' dir='ltr'><strong>will</strong></span> <span class='ocrx_word' id='word_1_313' title='bbox 364 3475 418 3528; x_wconf 77' lang='lat' dir='ltr'><strong>mir</strong></span> <span class='ocrx_word' id='word_1_314' title='bbox 436 3475 522 3529; x_wconf 77' lang='lat' dir='ltr'><strong>diesen</strong></span> <span class='ocrx_word' id='word_1_315' title='bbox 540 3476 627 3528; x_wconf 79' lang='lat' dir='ltr'><strong>Danls</strong></span> <span class='ocrx_word' id='word_1_316' title='bbox 643 3474 693 3527; x_wconf 82' lang='lat' dir='ltr'><strong>wie</strong></span> <span class='ocrx_word' id='word_1_317' title='bbox 711 3492 739 3527; x_wconf 87' lang='lat' dir='ltr'><strong>er</strong></span> <span class='ocrx_word' id='word_1_318' title='bbox 757 3493 783 3526; x_wconf 81' lang='lat' dir='ltr'><strong>aa</strong></span> <span class='ocrx_word' id='word_1_319' title='bbox 800 3476 919 3527; x_wconf 72' lang='lat' dir='ltr'><strong>admont</strong></span> <span class='ocrx_word' id='word_1_320' title='bbox 935 3474 1083 3528; x_wconf 81' lang='lat' dir='ltr'><strong>verdienen.</strong></span> <span class='ocrx_word' id='word_1_321' title='bbox 1116 3476 1144 3544; x_wconf 89' lang='lat'><strong>(1.</strong></span> <span class='ocrx_word' id='word_1_322' title='bbox 1160 3477 1202 3540; x_wconf 76' lang='lat' dir='ltr'><strong>a).</strong></span> <span class='ocrx_word' id='word_1_323' title='bbox 1235 3472 1273 3526; x_wconf 85' lang='lat' dir='ltr'><strong>At</strong></span> 
     </span>
     <span class='ocr_line' id='line_1_38' title="bbox 142 3544 1272 3614; baseline -0.006 -12"><span class='ocrx_word' id='word_1_324' title='bbox 142 3547 256 3602; x_wconf 88' lang='lat' dir='ltr'><strong>dubium</strong></span> <span class='ocrx_word' id='word_1_325' title='bbox 273 3544 342 3599; x_wconf 90' lang='lat' dir='ltr'><strong>mihi</strong></span> <span class='ocrx_word' id='word_1_326' title='bbox 359 3547 476 3607; x_wconf 88' lang='lat' dir='ltr'><strong>videtur,</strong></span> <span class='ocrx_word' id='word_1_327' title='bbox 495 3564 560 3600; x_wconf 90' lang='lat' dir='ltr'><strong>num</strong></span> <span class='ocrx_word' id='word_1_328' title='bbox 579 3546 642 3599; x_wconf 86' lang='lat' dir='ltr'><strong>talis</strong></span> <span class='ocrx_word' id='word_1_329' title='bbox 661 3563 754 3599; x_wconf 89' lang='lat' dir='ltr'><strong>seusus</strong></span> <span class='ocrx_word' id='word_1_330' title='bbox 767 3544 809 3598; x_wconf 85' lang='lat' dir='ltr'><strong>his</strong></span> <span class='ocrx_word' id='word_1_331' title='bbox 822 3545 913 3598; x_wconf 88' lang='lat' dir='ltr'><strong>verbis</strong></span> <span class='ocrx_word' id='word_1_332' title='bbox 926 3547 1014 3598; x_wconf 88' lang='lat' dir='ltr'><strong>inesse</strong></span> <span class='ocrx_word' id='word_1_333' title='bbox 1028 3548 1125 3614; x_wconf 79' lang='lat' dir='ltr'><strong>possit3</strong></span> <span class='ocrx_word' id='word_1_334' title='bbox 1144 3562 1175 3597; x_wconf 91' lang='lat' dir='ltr'><strong>eo</strong></span> <span class='ocrx_word' id='word_1_335' title='bbox 1192 3561 1272 3612; x_wconf 91' lang='lat' dir='ltr'><strong>quem</strong></span> 
     </span>
     <span class='ocr_line' id='line_1_39' title="bbox 147 3615 1275 3684; baseline -0.004 -14"><span class='ocrx_word' id='word_1_336' title='bbox 147 3618 227 3671; x_wconf 84' lang='lat' dir='ltr'><strong>affert</strong></span> <span class='ocrx_word' id='word_1_337' title='bbox 245 3616 346 3684; x_wconf 86' lang='lat' dir='ltr'><strong>Benfey</strong></span> <span class='ocrx_word' id='word_1_338' title='bbox 364 3616 425 3670; x_wconf 84' lang='lat' dir='ltr'><strong>loeo</strong></span> <span class='ocrx_word' id='word_1_339' title='bbox 443 3617 527 3670; x_wconf 88' lang='lat' dir='ltr'><strong>Andr.</strong></span> <span class='ocrx_word' id='word_1_340' title='bbox 545 3617 577 3683; x_wconf 89' lang='lat' dir='ltr'><strong>V,</strong></span> <span class='ocrx_word' id='word_1_341' title='bbox 596 3618 620 3680; x_wconf 83' lang='lat'><strong>5,</strong></span> <span class='ocrx_word' id='word_1_342' title='bbox 640 3617 655 3668; x_wconf 89' lang='grc'>6</span> <span class='ocrx_word' id='word_1_343' title='bbox 675 3616 704 3669; x_wconf 86' lang='lat' dir='ltr'><strong>id</strong></span> <span class='ocrx_word' id='word_1_344' title='bbox 722 3617 811 3684; x_wconf 89' lang='lat' dir='ltr'><strong>ipsum</strong></span> <span class='ocrx_word' id='word_1_345' title='bbox 830 3615 975 3669; x_wconf 88' lang='lat' dir='ltr'><strong>aCharino</strong></span> <span class='ocrx_word' id='word_1_346' title='bbox 993 3615 1106 3681; x_wconf 86' lang='lat' dir='ltr'><strong>dieitur,</strong></span> <span class='ocrx_word' id='word_1_347' title='bbox 1129 3633 1226 3684; x_wconf 84' lang='lat' dir='ltr'><strong>cupere</strong></span> <span class='ocrx_word' id='word_1_348' title='bbox 1245 3632 1275 3667; x_wconf 89' lang='lat' dir='ltr'><strong>se</strong></span> 
     </span>
     <span class='ocr_line' id='line_1_40' title="bbox 141 3685 1276 3756; baseline -0.004 -14"><span class='ocrx_word' id='word_1_349' title='bbox 141 3689 184 3742; x_wconf 85' lang='lat' dir='ltr'><strong>sui</strong></span> <span class='ocrx_word' id='word_1_350' title='bbox 203 3688 268 3756; x_wconf 88' lang='lat' dir='ltr'><strong>quid</strong></span> <span class='ocrx_word' id='word_1_351' title='bbox 286 3690 393 3756; x_wconf 82' lang='lat' dir='ltr'><strong>gestum</strong></span> <span class='ocrx_word' id='word_1_352' title='bbox 410 3686 448 3739; x_wconf 89' lang='lat' dir='ltr'><strong>sit</strong></span> <span class='ocrx_word' id='word_1_353' title='bbox 463 3690 566 3739; x_wconf 87' lang='lat' dir='ltr'><strong>narret.</strong></span> <span class='ocrx_word' id='word_1_354' title='bbox 601 3685 735 3754; x_wconf 81' lang='lat' dir='ltr'><strong>Equidem</strong></span> <span class='ocrx_word' id='word_1_355' title='bbox 760 3690 839 3754; x_wconf 89' lang='lat' dir='ltr'><strong>puto,</strong></span> <span class='ocrx_word' id='word_1_356' title='bbox 868 3686 898 3740; x_wconf 91' lang='lat' dir='ltr'><strong>id</strong></span> <span class='ocrx_word' id='word_1_357' title='bbox 921 3685 1056 3755; x_wconf 88' lang='lat' dir='ltr'><strong>imprimis</strong></span> <span class='ocrx_word' id='word_1_358' title='bbox 1076 3703 1173 3754; x_wconf 84' lang='lat' dir='ltr'><strong>cupere</strong></span> <span class='ocrx_word' id='word_1_359' title='bbox 1192 3685 1276 3740; x_wconf 87' lang='lat' dir='ltr'><strong>Chae·</strong></span> 
     </span>
    </p>
   </div>
   <div class='ocr_carea' id='block_1_5' title="bbox 143 3756 1360 3824">
    <p class='ocr_par' dir='ltr' id='par_1_7' title="bbox 143 3756 1360 3824">
     <span class='ocr_line' id='line_1_41' title="bbox 143 3756 1360 3824; baseline -0.002 -13"><span class='ocrx_word' id='word_1_360' title='bbox 143 3775 216 3811; x_wconf 88' lang='lat' dir='ltr'><strong>ream</strong></span> <span class='ocrx_word' id='word_1_361' title='bbox 235 3758 371 3810; x_wconf 86' lang='lat' dir='ltr'><strong>neminem</strong></span> <span class='ocrx_word' id='word_1_362' title='bbox 389 3757 566 3824; x_wconf 84' lang='lat' dir='ltr'><strong>intervenire,</strong></span> <span class='ocrx_word' id='word_1_363' title='bbox 590 3758 710 3810; x_wconf 86' lang='lat' dir='ltr'><strong>seeundo</strong></span> <span class='ocrx_word' id='word_1_364' title='bbox 727 3756 827 3810; x_wconf 88' lang='lat' dir='ltr'><strong>deinde</strong></span> <span class='ocrx_word' id='word_1_365' title='bbox 845 3756 918 3816; x_wconf 86' lang='lat' dir='ltr'><strong>loeo,</strong></span> <span class='ocrx_word' id='word_1_366' title='bbox 944 3774 978 3808; x_wconf 90' lang='lat' dir='ltr'><strong>ne</strong></span> <span class='ocrx_word' id='word_1_367' title='bbox 996 3758 1119 3809; x_wconf 82' lang='lat' dir='ltr'><strong>curiosus</strong></span> <span class='ocrx_word' id='word_1_368' title='bbox 1136 3757 1218 3810; x_wconf 90' lang='lat' dir='ltr'><strong>homo</strong></span> <span class='ocrx_word' id='word_1_369' title='bbox 1236 3757 1276 3808; x_wconf 85' lang='lat' dir='ltr'><strong>ia·</strong></span> <span class='ocrx_word' id='word_1_370' title='bbox 1356 3766 1360 3773; x_wconf 90' lang='grc'><em>·</em></span> 
     </span>
    </p>
   </div>
   <div class='ocr_carea' id='block_1_6' title="bbox 143 3826 1278 4176">
    <p class='ocr_par' dir='ltr' id='par_1_8' title="bbox 143 3826 1278 4176">
     <span class='ocr_line' id='line_1_42' title="bbox 143 3826 1278 3896; baseline -0.002 -16"><span class='ocrx_word' id='word_1_371' title='bbox 143 3827 292 3894; x_wconf 89' lang='lat' dir='ltr'><strong>terveniat;</strong></span> <span class='ocrx_word' id='word_1_372' title='bbox 312 3827 390 3880; x_wconf 87' lang='lat' dir='ltr'><strong>etad</strong></span> <span class='ocrx_word' id='word_1_373' title='bbox 411 3826 463 3880; x_wconf 84' lang='lat' dir='ltr'><strong>hoe</strong></span> <span class='ocrx_word' id='word_1_374' title='bbox 481 3827 594 3879; x_wconf 86' lang='lat' dir='ltr'><strong>verbum</strong></span> <span class='ocrx_word' id='word_1_375' title='bbox 614 3827 752 3881; x_wconf 78' lang='lat' dir='ltr'><strong>‘curiosus’</strong></span> <span class='ocrx_word' id='word_1_376' title='bbox 771 3827 907 3896; x_wconf 87' lang='lat' dir='ltr'><strong>pertinere</strong></span> <span class='ocrx_word' id='word_1_377' title='bbox 924 3826 992 3879; x_wconf 89' lang='lat' dir='ltr'><strong>mihi</strong></span> <span class='ocrx_word' id='word_1_378' title='bbox 1009 3827 1139 3880; x_wconf 88' lang='lat' dir='ltr'><strong>videnlur</strong></span> <span class='ocrx_word' id='word_1_379' title='bbox 1157 3844 1225 3895; x_wconf 91' lang='lat' dir='ltr'><strong>quae</strong></span> <span class='ocrx_word' id='word_1_380' title='bbox 1238 3827 1278 3879; x_wconf 90' lang='lat' dir='ltr'><strong>di·</strong></span> 
     </span>
     <span class='ocr_line' id='line_1_43' title="bbox 146 3895 1278 3966; baseline -0.004 -16"><span class='ocrx_word' id='word_1_381' title='bbox 146 3897 184 3951; x_wconf 85' lang='lat' dir='ltr'><strong>eit</strong></span> <span class='ocrx_word' id='word_1_382' title='bbox 201 3898 336 3966; x_wconf 88' lang='lat' dir='ltr'><strong>Antipho:</strong></span> <span class='ocrx_word' id='word_1_383' title='bbox 355 3901 444 3966; x_wconf 81' lang='lat' dir='ltr'><strong>Atque</strong></span> <span class='ocrx_word' id='word_1_384' title='bbox 462 3897 495 3948; x_wconf 85' lang='lat' dir='ltr'><strong>ab</strong></span> <span class='ocrx_word' id='word_1_385' title='bbox 513 3914 542 3948; x_wconf 82' lang='lat' dir='ltr'><strong>eo</strong></span> <span class='ocrx_word' id='word_1_386' title='bbox 559 3896 677 3964; x_wconf 72' lang='lat' dir='ltr'><strong>qratiam</strong></span> <span class='ocrx_word' id='word_1_387' title='bbox 696 3895 772 3960; x_wconf 81' lang='lat' dir='ltr'><strong>dane,</strong></span> <span class='ocrx_word' id='word_1_388' title='bbox 793 3915 872 3966; x_wconf 81' lang='lat' dir='ltr'><strong>qaam</strong></span> <span class='ocrx_word' id='word_1_389' title='bbox 890 3895 963 3949; x_wconf 84' lang='lat' dir='ltr'><strong>video</strong></span> <span class='ocrx_word' id='word_1_390' title='bbox 980 3896 1054 3959; x_wconf 81' lang='lat' dir='ltr'><strong>uelle,</strong></span> <span class='ocrx_word' id='word_1_391' title='bbox 1075 3895 1160 3952; x_wconf 72' lang='lat' dir='ltr'><strong>inibo:</strong></span> <span class='ocrx_word' id='word_1_392' title='bbox 1189 3914 1278 3965; x_wconf 86' lang='lat' dir='ltr'><strong>neque</strong></span> 
     </span>
     <span class='ocr_line' id='line_1_44' title="bbox 145 3966 1277 4035; baseline -0.002 -14"><span class='ocrx_word' id='word_1_393' title='bbox 145 3967 216 4021; x_wconf 90' lang='lat' dir='ltr'><strong>enim</strong></span> <span class='ocrx_word' id='word_1_394' title='bbox 243 3968 379 4022; x_wconf 82' lang='lat' dir='ltr'><strong>curiosum</strong></span> <span class='ocrx_word' id='word_1_395' title='bbox 404 3966 526 4035; x_wconf 84' lang='lat' dir='ltr'><strong>Antipho</strong></span> <span class='ocrx_word' id='word_1_396' title='bbox 554 3966 602 4018; x_wconf 86' lang='lat' dir='ltr'><strong>sed</strong></span> <span class='ocrx_word' id='word_1_397' title='bbox 630 3967 746 4019; x_wconf 83' lang='lat' dir='ltr'><strong>amicum</strong></span> <span class='ocrx_word' id='word_1_398' title='bbox 773 3972 855 4035; x_wconf 87' lang='lat' dir='ltr'><strong>atque</strong></span> <span class='ocrx_word' id='word_1_399' title='bbox 881 3966 1043 4019; x_wconf 86' lang='lat' dir='ltr'><strong>familiarem</strong></span> <span class='ocrx_word' id='word_1_400' title='bbox 1069 3981 1099 4017; x_wconf 86' lang='lat' dir='ltr'><strong>se</strong></span> <span class='ocrx_word' id='word_1_401' title='bbox 1123 3981 1184 4017; x_wconf 88' lang='lat' dir='ltr'><strong>esse</strong></span> <span class='ocrx_word' id='word_1_402' title='bbox 1209 3968 1277 4021; x_wconf 90' lang='lat' dir='ltr'><strong>vult.</strong></span> 
     </span>
     <span class='ocr_line' id='line_1_45' title="bbox 145 4033 1277 4106; baseline -0.001 -16"><span class='ocrx_word' id='word_1_403' title='bbox 145 4038 312 4106; x_wconf 79' lang='lat' dir='ltr'><strong>Quamquam</strong></span> <span class='ocrx_word' id='word_1_404' title='bbox 332 4055 364 4093; x_wconf 87' lang='lat' dir='ltr'><strong>ea</strong></span> <span class='ocrx_word' id='word_1_405' title='bbox 383 4054 453 4106; x_wconf 88' lang='lat' dir='ltr'><strong>quae</strong></span> <span class='ocrx_word' id='word_1_406' title='bbox 470 4035 592 4104; x_wconf 86' lang='lat' dir='ltr'><strong>Antipho</strong></span> <span class='ocrx_word' id='word_1_407' title='bbox 610 4036 741 4089; x_wconf 87' lang='lat' dir='ltr'><strong>orationis</strong></span> <span class='ocrx_word' id='word_1_408' title='bbox 760 4054 824 4090; x_wconf 86' lang='lat' dir='ltr'><strong>suas</strong></span> <span class='ocrx_word' id='word_1_409' title='bbox 841 4036 920 4090; x_wconf 91' lang='lat' dir='ltr'><strong>initio</strong></span> <span class='ocrx_word' id='word_1_410' title='bbox 939 4035 1069 4105; x_wconf 89' lang='lat' dir='ltr'><strong>loquitur,</strong></span> <span class='ocrx_word' id='word_1_411' title='bbox 1095 4033 1179 4085; x_wconf 88' lang='lat' dir='ltr'><strong>etiam</strong></span> <span class='ocrx_word' id='word_1_412' title='bbox 1197 4041 1277 4104; x_wconf 88' lang='lat' dir='ltr'><strong>putes</strong></span> 
     </span>
     <span class='ocr_line' id='line_1_46' title="bbox 145 4102 1154 4176; baseline -0.004 -16"><span class='ocrx_word' id='word_1_413' title='bbox 145 4109 247 4162; x_wconf 81' lang='lat' dir='ltr'><strong>ironiae</strong></span> <span class='ocrx_word' id='word_1_414' title='bbox 266 4109 341 4162; x_wconf 87' lang='lat' dir='ltr'><strong>dieta</strong></span> <span class='ocrx_word' id='word_1_415' title='bbox 358 4124 417 4161; x_wconf 87' lang='lat' dir='ltr'><strong>esse</strong></span> <span class='ocrx_word' id='word_1_416' title='bbox 435 4112 517 4176; x_wconf 89' lang='lat' dir='ltr'><strong>atque</strong></span> <span class='ocrx_word' id='word_1_417' title='bbox 535 4123 633 4175; x_wconf 87' lang='lat' dir='ltr'><strong>cupere</strong></span> <span class='ocrx_word' id='word_1_418' title='bbox 651 4105 811 4174; x_wconf 85' lang='lat' dir='ltr'><strong>Chaeream,</strong></span> <span class='ocrx_word' id='word_1_419' title='bbox 829 4108 964 4159; x_wconf 87' lang='lat' dir='ltr'><strong>nemiuem</strong></span> <span class='ocrx_word' id='word_1_420' title='bbox 981 4102 1154 4159; x_wconf 87' lang='lat' dir='ltr'><strong>intervenire.</strong></span> 
     </span>
    </p>
   </div>
   <div class='ocr_carea' id='block_1_7' title="bbox 0 0 1472 4658">
    <p class='ocr_par' dir='ltr' id='par_1_9' title="bbox 0 0 1472 4658">
     <span class='ocr_line' id='line_1_47' title="bbox 0 0 1472 4658; baseline 0 0"><span class='ocrx_word' id='word_1_421' title='bbox 0 0 1472 4658; x_wconf 95' lang='lat' dir='ltr'><strong> </strong></span> 
     </span>
    </p>
   </div>
  </div>
 </body>
</html>
