2930 4658
708 247 749 308 34

157 427 292 492 ducitur.
336 427 501 505 Quomodo
523 423 602 492 haec
624 428 708 510 apud
732 427 942 492 Menandrum
965 433 1053 510 gesta
1075 428 1138 492 sint
1162 450 1223 494 uon
1246 430 1294 494 di-

156 513 253 591 xeris;
283 512 370 577 haud
391 514 456 579 seio
479 533 521 576 an
543 514 590 577 ita
612 520 702 595 gesta
723 514 841 593 cogites
862 519 899 576 ut
923 514 1075 577 Parmeno
1097 534 1222 578 servum
1245 537 1295 579 se-

156 618 228 662 eum
250 597 368 661 ducens
390 600 423 662 in
445 618 541 662 scena
554 597 709 663 Thaidem
731 599 887 662 inveniret
908 598 1079 663 adductam
1103 600 1208 664 nescio
1230 622 1293 683 quo

155 702 246 760 casu,
279 703 375 765 quam
397 684 495 751 etiam
519 683 582 760 ΙΙΙ,
601 688 619 746 2
642 683 751 747 adesse
773 683 891 747 videas.
936 684 1023 761 Quae
1044 684 1212 748 Terentius
1234 686 1293 748 hoc
1318 719 1333 746 ·

155 767 225 832 loco
247 765 374 832 tabulae
398 767 541 843 inseruit,
564 768 606 832 ad
621 769 724 851 ipsum
741 767 867 832 fabulae
883 788 999 831 nexum
1015 768 1079 832 fere
1097 769 1184 833 nullo
1199 770 1292 835 modo

154 853 325 935 pertinent.
355 853 465 937 Neque
481 853 559 916 satis
574 860 648 935 apte
664 859 721 917 aut
737 854 836 936 perite
852 874 924 917 enm
945 852 1055 917 fecisse
1077 854 1292 918 iudicandum.

155 938 268 1002 Paucis
279 940 419 1021 exceptis
429 939 540 1021 primis
553 938 654 1003 verbis
666 939 801 1020 primam
810 959 936 1002 scenam
949 960 966 1001 e
977 937 1091 1002 Colace
1100 939 1293 1003 translatam

154 1022 285 1089 verbum
308 1022 347 1087 de
371 1023 464 1088 verbo
484 1028 630 1106 apparet.
674 1022 785 1087 Militis
806 1024 994 1088 iactationes
1010 1023 1133 1088 Colacis
1149 1045 1216 1088 esse
1239 1026 1293 1088 vix

154 1107 390 1185 adnotandum
427 1107 482 1172 sed
511 1129 550 1171 ne
579 1108 713 1172 alteram
742 1107 817 1171 inde
839 1128 858 1170 a
883 1130 909 1171 v.
933 1113 984 1172 45.
1007 1116 1131 1191 partem
1153 1106 1300 1192 quidem'

154 1212 237 1274 quae
258 1192 397 1257 Terentii
421 1192 520 1256 videri
541 1200 645 1275 potest
666 1214 763 1275 quum
785 1193 915 1256 Thaidis
936 1214 1051 1257 nomeu
1073 1194 1105 1257 iu
1129 1214 1168 1258 ea
1189 1195 1239 1273 sit,
1262 1194 1293 1257 ei

154 1277 329 1354 attribuam
365 1276 419 1342 sed
441 1298 458 1340 e
482 1276 596 1342 Colace
617 1277 818 1361 desumptam
842 1286 942 1361 putee.
986 1277 1067 1342 Nam
1091 1279 1175 1361 quod
1200 1300 1290 1343 exeo·

153 1363 236 1443 gitat
266 1362 406 1441 Gnatho,
444 1370 481 1426 ut
510 1363 601 1426 miles
628 1362 759 1426 Thaidis
786 1383 926 1427 amorem
956 1363 1097 1427 stimulet
1127 1363 1291 1427 laudanda

155 1446 332 1530 Pamphila,
354 1447 414 1511 hoc
434 1454 467 1511 et
488 1468 509 1510 a
522 1447 685 1512 Thrasone
708 1447 744 1511 lit
766 1449 820 1526 ita,
843 1454 879 1513 ut
895 1448 956 1511 vim
972 1456 1068 1531 atque
1084 1449 1290 1513 contumelias

153 1530 268 1596 Thaidi
288 1531 421 1609 inferat,
443 1553 545 1615 neque
568 1532 600 1596 id
621 1534 725 1616 ipsum
748 1533 832 1616 quod
856 1533 984 1597 Gnatho
1008 1542 1152 1597 suaserat
1174 1535 1215 1599 ad
1237 1556 1289 1598 ex-

153 1625 290 1681 tremum
312 1618 427 1699 agitur.
477 1618 688 1696 Quamobrem
717 1618 953 1683 assentiendum
985 1640 1047 1683 non
1077 1619 1204 1683 videtur
1227 1619 1287 1683 Do-

153 1709 229 1766 nato
255 1703 421 1766 adnotanti
450 1724 597 1784 mapnom
626 1696 813 1785 οἰκονομίαν
839 1702 889 1766 liic
918 1725 999 1779 esse,
1034 1725 1097 1787 quo
1130 1703 1287 1768 Terentius

146 1797 319 1870 praeparet
340 1788 598 1871 quemadmodum
621 1786 759 1869 iurqinm
781 1789 861 1851 inter
885 1787 1035 1852 Thaidem
1062 1788 1249 1872 militemque
1264 1793 1287 1872 ¹)

150 1894 208 1954 per
229 1873 308 1936 duas
332 1882 441 1954 partes
462 1881 567 1954 serpat
591 1872 740 1950 fabulae,
779 1874 937 1957 verbaque
971 1882 1097 1938 tantum
1130 1875 1188 1939 hoo
1221 1876 1289 1939 looo

153 1955 356 2021 scholiastam
379 1956 484 2022 iacere
505 1958 661 2022 existimo.
706 1958 797 2036 Quod
819 1962 904 2022 enim
932 1966 1197 2024 commemoratur
1224 1961 1288 2023 iur-

152 2043 249 2124 gium,
272 2047 443 2106 maximam
457 2050 580 2125 partem
597 2042 681 2106 inter
703 2064 833 2107 coenam
856 2052 928 2125 post
949 2064 1077 2108 scenam
1100 2047 1193 2108 tuisse
1216 2051 1286 2107 tan·

152 2134 284 2210 tumque
306 2126 404 2191 finem
426 2128 495 2191 eius
517 2128 569 2205 lv,
594 2134 610 2189 7
635 2128 720 2211 apud
742 2136 936 2211 spectatores
958 2137 1065 2193 actum
1094 2150 1160 2195 esse
1189 2148 1285 2212 appa·

154 2217 212 2276 ret.
255 2213 403 2277 Fortasse
425 2212 458 2276 in
481 2211 649 2277 Menandri
672 2213 785 2277 Colace
807 2214 908 2277 maior
930 2214 1018 2277 rixae
1039 2237 1115 2298 pars
1135 2216 1166 2278 in
1193 2233 1288 2277 scena

153 2297 309 2380 agebatur
330 2298 370 2362 ad
393 2318 527 2381 eamque
550 2296 628 2363 haec
650 2298 759 2361 militis
775 2304 807 2361 et
822 2297 999 2363 Gnathonis
1016 2300 1111 2364 verba
1129 2301 1291 2384 pertinent

153 2382 239 2466 apud
254 2383 438 2447 Terentium
461 2404 524 2446 non
547 2382 625 2447 satis
647 2389 733 2467 apta.
778 2383 866 2461 Quae
888 2385 1115 2467 interloquitur
1126 2389 1291 2462 Parmeno,

153 2469 193 2531 ab
215 2468 284 2550 ipso
307 2467 455 2532 Terentio
478 2468 589 2532 addita
611 2488 679 2532 esse
701 2490 763 2532 nou
786 2469 1003 2533 adnotandum
1028 2470 1161 2534 videtur.

1434 2512 1435 2537 l

238 2553 413 2616 Inseruisse
434 2574 507 2616 eum
528 2552 612 2617 hanc
634 2573 761 2617 scenam
782 2561 870 2636 puto,
896 2562 930 2617 ut
951 2555 1087 2618 militum
1110 2553 1290 2637 superbiam
1397 2632 1398 2639 ἵ
1434 2632 1435 2641 ¹

152 2639 217 2701 iam
234 2643 300 2701 tum
317 2637 436 2702 Romae
452 2638 640 2701 iactantiam
656 2647 752 2721 atque
774 2639 999 2703 ostentantium
1024 2639 1172 2702 illuderet
1194 2646 1291 2721 atque

153 2722 342 2804 exagitaret.
380 2723 442 2787 Sed
458 2743 527 2786 eam
543 2744 668 2806 quoque
683 2744 813 2787 oausam
828 2724 987 2789 inserendi
1002 2730 1104 2807 putes,
1128 2730 1164 2788 ut
1183 2724 1292 2808 plures
1395 2754 1397 2765 ·

153 2827 304 2891 personas
325 2807 474 2872 Terentio
503 2809 678 2890 producere
708 2809 827 2872 liceret.
879 2809 965 2873 Haeo
997 2812 1158 2874 sententia
1190 2811 1292 2892 magis

175 2892 318 2957 robanda
341 2893 466 2958 videtur
489 2892 730 2976 verisimilisque
753 2893 789 2956 fit
808 2894 850 2972 iis
879 2916 961 2977 quae
985 2895 1128 2976 Donatus
1157 2894 1292 2958 adnotat

153 2915 212 3055 lll,
236 2982 264 3055 2,
291 2982 323 3042 l:
358 2978 424 3041 Hie
444 2977 603 3043 inducitur
625 2978 787 3061 multiplea
808 3001 974 3042 concursus
996 2979 1194 3042 dissimilium
1216 3000 1291 3061 per-

153 3084 301 3126 sonarum
317 3072 346 3125 et
359 3071 463 3126 tomen
476 3063 588 3126 uirtute
609 3073 638 3126 et
659 3064 785 3128 consilio
801 3072 914 3146 poetae
928 3065 1144 3138 discretarum,
1168 3073 1203 3131 ut
1220 3087 1292 3127 oon-

129 3176 132 3179 ·
145 3147 239 3229 fusio
261 3147 348 3210 nulla
370 3148 411 3211 sit
423 3150 521 3230 facte
543 3150 692 3212 sermonis
699 3177 710 3229 ,-
746 3149 841 3212 simul
861 3152 954 3213 etiam
973 3170 1033 3232 pro
1055 3171 1087 3210 se
1109 3148 1218 3236 cuique
1239 3173 1291 3212 oc-

154 3233 347 3296 commodota
368 3232 446 3296 mire
467 3243 696 3315 representatur
717 3234 827 3298 oratio.
875 3236 1023 3299 Summae
1050 3234 1111 3298 hoo
1138 3236 1206 3300 loco
1230 3235 1290 3298 Do-

155 3323 249 3381 natus
272 3317 420 3382 Texentio
443 3319 531 3381 laudi
555 3319 667 3382 tribuit
699 3321 784 3401 quod
811 3320 956 3401 quamvis
984 3320 1157 3384 multarum
1185 3339 1289 3402 perso·

154 3422 268 3466 narum
290 3404 324 3466 in
347 3424 501 3468 concursu
523 3409 628 3467 certus
651 3410 779 3468 maneat
794 3405 887 3483 ordo;
911 3406 986 3486 quid
1003 3406 1110 3470 obstat
1125 3404 1289 3489 quominus

154 3487 186 3552 id
209 3487 311 3569 ipsum
335 3490 434 3569 egisse
449 3488 632 3554 Terentium
649 3497 795 3572 putemus
811 3511 910 3573 eaque
925 3492 963 3554 de
979 3512 1076 3554 causa
1091 3491 1290 3554 Gnathonem

155 3571 281 3636 tabulae
310 3572 487 3649 addidisse,
520 3581 557 3639 ut
587 3595 684 3655 quum
693 3634 696 3665 Ι
713 3570 952 3658 locupletiorem
973 3576 1096 3639 taceret
1116 3576 1291 3640 orationem

156 3664 223 3721 tum
247 3657 355 3720 multis
378 3661 522 3741 personis
543 3659 706 3742 productis
728 3660 883 3743 insignem
905 3683 937 3724 se
960 3666 993 3724 et
1013 3662 1150 3745 peritum
1165 3660 1211 3723 roi
1226 3679 1292 3722 sce-

156 3743 246 3805 nicae
269 3743 436 3826 praeberet
456 3755 592 3827 poetam.

242 3827 301 3902 ΙΙΙ,
326 3831 354 3891 2.
399 3828 508 3905 Qualis
529 3829 608 3893 haec
629 3850 723 3894 scena
744 3829 883 3895 Terentii
905 3837 961 3903 est.
983 3831 1017 3894 in
1040 3832 1208 3896 Menandri
1231 3831 1294 3894 Eu·

157 3912 261 3977 nuoho
284 3912 380 3977 fuisse
402 3935 463 3978 uon
487 3919 592 3997 potest
622 3936 722 3998 neque
751 3936 826 3981 vero
854 3917 888 3979 in
911 3916 1043 3993 Colace3
1079 3938 1183 4000 neque
1211 3918 1294 3979 enim

226 4110 245 4175 ¹)
280 4107 458 4174 Adscriptnm
477 4124 494 4158 e
512 4106 664 4174 posteriore
681 4108 804 4175 quodam
822 4114 847 4160 et
869 4110 1044 4162 Gnathonem.
