2930 4658
738 224 780 286 33

190 409 369 485 laticense,
394 417 428 471 nt
446 428 479 470 ss
499 406 657 490 infelicem
679 428 741 470 non
761 405 919 471 honestam
942 408 1047 471 ducat.
1092 407 1161 472 Hoc
1182 408 1261 492 quin
1281 407 1324 472 sd

189 496 371 562 Terentium
393 493 566 577 pertineat,
590 512 653 555 non
675 491 899 570 dubitandum,
921 495 996 575 quia
1017 492 1050 556 in
1073 491 1236 577 republica
1258 513 1325 557 ma-

190 582 275 645 xime
297 579 440 643 Remana
461 576 693 641 aemulatorum
715 575 850 641 florebat
877 598 975 660 genus
1004 577 1198 661 impudicum
1227 585 1325 660 atque

155 664 370 750 «improbum
401 662 497 740 illud,
534 663 618 744 quod
650 662 791 726 illustrat
824 662 985 726 luvenalis
1019 661 1214 731 carminibus
1250 663 1325 727 suis.

192 749 306 828 Quales
328 759 506 832 temporum
529 746 755 830 descriptiones
776 747 817 811 ad
841 746 998 812 Romanos
1013 767 1114 811 mores
1130 745 1326 830 quadrantes

191 835 382 911 Terentium,
404 852 597 916 quamquam
620 833 849 895 sententiarum
872 853 987 896 nexum
1009 852 1049 896 ex
1072 831 1247 896 Menandro
1268 830 1326 896 de·

192 920 334 1003 sumpsit,
357 926 465 981 tamen
488 918 623 1000 quadam
647 937 686 979 ex
709 926 800 999 parte
823 918 919 980 etiam
942 938 1032 980 suum
1055 916 1215 999 ingenium
1237 937 1326 981 secu·

74 1012 79 1019 '
191 1011 258 1069 tum
280 1004 460 1087 depinxisse
483 1023 545 1066 non
569 1003 756 1084 negaverim.
803 1005 903 1085 Atque
926 1002 1066 1067 Graecae
1086 1000 1214 1066 fabulae
1243 1003 1327 1066 inse·

189 1091 292 1155 ruisse
321 1109 394 1152 eum
421 1109 472 1152 res
500 1087 660 1151 Romanas
692 1089 871 1169 victumque
900 1087 1050 1151 Latinum
1080 1086 1248 1169 intellegas
1280 1087 1327 1152 eis

190 1195 274 1258 quae
297 1175 440 1237 Donatus
462 1171 596 1236 adnotat
618 1171 659 1235 ad
682 1193 708 1233 s.
724 1176 774 1235 26.
799 1173 938 1250 Catani,
960 1172 1048 1248 lanii,
1069 1164 1327 1257 coqui'221udq·

191 1282 278 1348 caprea
300 1260 466 1337 comicum,-
487 1257 521 1320 in
539 1257 676 1339 palliata
698 1277 748 1318 res
769 1258 933 1320 Romanas
953 1256 1100 1340 loquitur.

277 1346 424 1409 Ceterum
452 1343 586 1406 alteram
617 1342 711 1405 huius
731 1361 846 1405 scenae
868 1346 991 1425 partem
1012 1342 1060 1406 ita
1080 1341 1263 1408 Terentium
1285 1364 1325 1409 ex
1386 1408 1389 1415 ,

191 1430 368 1495 Menandro
391 1428 591 1492 transtulisse
613 1433 707 1509 puto,
742 1432 778 1490 ut
804 1448 865 1490 non
888 1448 927 1490 ex
950 1447 1014 1490 una
1035 1426 1209 1511 eademqne
1230 1448 1326 1492 scona

192 1518 297 1581 omnia
318 1536 400 1598 quae
423 1515 474 1577 bic
495 1520 571 1576 sunt
591 1512 811 1590 conscriberet,
834 1512 888 1576 sed
905 1533 944 1574 ex
959 1512 1173 1594 compluribus
1186 1511 1326 1578 Gnatho·

190 1602 240 1665 nis
262 1600 460 1665 sermonibus
482 1618 578 1661 unam
601 1596 683 1661 hano
705 1597 879 1661 orationem
898 1596 1039 1663 efficeret
1060 1598 1235 1662 interiectis
1255 1598 1326 1663 bre-

190 1689 272 1750 viter
295 1706 314 1748 a
337 1685 530 1748 Parmenone
552 1682 654 1746 dictis.
698 1681 775 1745 Tres
796 1681 925 1746 ultimos
947 1702 1056 1745 versus
1071 1681 1111 1746 ab
1127 1683 1195 1765 ipso
1210 1683 1326 1747 Teren·

190 1771 237 1834 tio
258 1769 383 1834 additos
404 1788 471 1832 esse
494 1778 619 1831 necesse
641 1773 703 1836 est.
726 1768 876 1849 quoniam
899 1766 932 1830 in
955 1766 1068 1830 Colace
1090 1766 1235 1832 Chaerea
1261 1789 1325 1832 non

191 1854 284 1918 inest.
330 1860 477 1917 Attamen
500 1852 722 1934 aliquomodo
746 1851 914 1934 Pamphila
935 1851 977 1917 ad
997 1850 1151 1917 Thaidem
1180 1853 1327 1917 ducenda

192 1946 278 2017 erat,
306 1960 403 2021 quam
426 1947 612 2020 sequeretur
634 1936 793 2016 Chaerea;
826 1938 886 2000 hoc
907 1937 1064 2019 quomodo
1086 1935 1170 2020 apud
1195 1938 1326 2003 Menan·

190 2024 283 2089 drum
305 2025 426 2088 lactum
446 2043 514 2086 esse
535 2022 710 2103 excogites,
743 2023 899 2085 incertum
928 2021 1180 2103 relinquendum.
1231 2023 1325 2088 Haud

189 2111 254 2174 scio
283 2130 323 2173 an
354 2108 511 2173 secundae
540 2124 653 2171 scenae
683 2107 892 2171 Terentianae
922 2107 990 2171 loco
1019 2110 1052 2169 in
1075 2106 1242 2172 Menandri
1263 2109 1326 2173 Eu·

190 2195 295 2257 nucho
317 2215 384 2257 rem
405 2195 452 2256 ita
473 2195 681 2275 compositam
710 2192 807 2255 fuisse
834 2197 941 2274 putes,
974 2199 1010 2254 ut
1032 2192 1188 2256 Parmeno
1217 2192 1326 2277 paullo

191 2276 312 2341 diutius
333 2299 428 2359 quam
451 2277 608 2341 Phaedria
628 2276 662 2339 in
686 2288 781 2340 scena
801 2297 969 2341 remanens
997 2297 1103 2341 secum
1132 2277 1326 2363 colloquere-

190 2368 258 2439 tur,
284 2361 449 2445 Pamphila
470 2362 555 2424 inter
577 2363 645 2424 eius
667 2360 763 2424 verba
784 2361 912 2425 domum
936 2361 1082 2439 intraret,
1105 2382 1175 2428 eam
1199 2369 1326 2431 secutus

192 2446 335 2511 Chaerea
356 2467 427 2510 cum
454 2445 646 2509 Parmenone
669 2446 921 2527 congrederetur.

276 2532 317 2608 ΙΙ,
341 2535 369 2595 3.
415 2531 504 2609 Quod
528 2530 672 2595 Chaerea
693 2551 764 2595 oum
784 2531 981 2595 Parmenone
1003 2532 1063 2596 init
1083 2531 1248 2597 consilium
1270 2554 1326 2617 po·

73 2633 83 2649 ·
187 2618 321 2682 tiundae
343 2616 483 2698 virginis,
505 2637 544 2679 ex
560 2615 727 2678 Menandri
744 2615 897 2681 Eunucho
913 2615 1096 2681 Terentium
1115 2617 1326 2701 desumpsisse

186 2723 292 2784 neque
314 2701 353 2765 de
375 2702 479 2766 verbis
501 2701 677 2783 quidquam
698 2707 839 2766 mutasse
861 2707 1010 2784 apparet3
1036 2723 1138 2784 neque
1160 2702 1255 2766 aliter
1276 2702 1325 2768 fa·

185 2807 258 2852 cere
281 2786 394 2870 potnit,
417 2787 566 2868 quoniam
585 2786 644 2849 hac
659 2807 753 2850 scena
774 2786 873 2850 totius
894 2786 1022 2853 fabulae
1044 2787 1145 2850 nodus
1166 2785 1204 2851 fit
1226 2793 1323 2869 atque

187 2873 379 2938 continetur.
430 2874 579 2939 Attamen
609 2871 648 2934 de
675 2892 731 2935 suo
754 2871 913 2937 addidisse
937 2872 1113 2935 Romanum
1135 2891 1239 2954 pauca
1258 2871 1323 2937 iam

188 2957 307 3039 Benley
330 2956 480 3034 adnotat3
515 2956 556 3031 11,
581 2960 608 3031 3,
633 2960 671 3018 27
704 2956 799 3022 verba
821 2956 928 3033 ulam,
962 2956 1122 3038 precario,
1155 2955 1194 3020 vi‘
1227 2957 1324 3023 edicti

189 3042 345 3122 praetoris
365 3062 434 3106 esse
457 3048 563 3122 atque,
587 3062 658 3104 cnm
680 3041 866 3106 facetiarum
889 3040 958 3106 loco
980 3039 1180 3117 afferrentur,
1204 3047 1325 3107 stoma·

190 3124 283 3188 chum
305 3129 437 3190 movisse
460 3127 611 3189 Romanis
632 3126 858 3208 spectantibus.
910 3128 1013 3209 Atque
1041 3125 1217 3206 graviorem
1248 3148 1324 3192 con·

189 3209 429 3292 citatioremque
450 3210 591 3275 elicuisse
613 3213 787 3274 orationem
811 3210 978 3274 Terentius
999 3233 1027 3274 v.
1047 3215 1096 3273 66.
1118 3210 1258 3292 ridetur3
1281 3214 1323 3279 sd

188 3295 250 3359 hoc
272 3294 355 3356 enim
378 3297 534 3377 pertinere
555 3303 633 3380 puto
660 3295 774 3359 Donati
795 3295 893 3359 illud:
926 3296 1014 3358 Mire
1040 3296 1200 3359 Terentius
1217 3297 1323 3381 primo

186 3379 371 3462 simpliciter
402 3380 550 3444 &nacte
584 3401 694 3444 nomen
723 3380 828 3462 poenit
859 3380 931 3444 huic
963 3401 1082 3464 quoquc
1112 3381 1319 3448 detracturus.

187 3467 299 3548 Neque
329 3464 459 3529 anima
488 3465 694 3529 Parmenonis
721 3466 820 3548 ipsius
847 3465 975 3548 ingenio
1003 3465 1197 3531 abhorrebat
1224 3470 1321 3533 etiam

187 3552 290 3632 ipsum
314 3549 497 3614 foeditatem
520 3552 601 3614 servi
624 3549 818 3635 praedicare.
862 3549 973 3614 Paullo
995 3557 1134 3615 mutasse
1149 3555 1323 3619 sententia·

189 3655 258 3698 rum
279 3656 396 3699 nexum
419 3634 566 3717 aliudque
588 3637 744 3700 invenisse
755 3635 921 3698 Terentius
942 3633 1068 3699 videtur
1088 3637 1185 3703 etiam
1209 3660 1235 3701 v.
1253 3643 1320 3718 73.;

191 3717 322 3783 adnotat
342 3723 427 3784 enim
450 3718 610 3784 Donatus:
641 3721 721 3782 Vide
744 3719 933 3793 Terentiam,
958 3728 992 3782 nt
1013 3742 1076 3784 non
1096 3722 1236 3805 quarata
1257 3744 1321 3786 csse

189 3800 266 3865 laec
285 3804 430 3880 fallacia,
454 3807 509 3868 eod
521 3805 591 3887 apsa
605 3804 787 3868 reobtalisse
802 3804 965 3879 uideatur,‘
978 3804 1166 3871 facilitatem
1181 3806 1321 3873 Terentii

187 3887 338 3966 laudans;
372 3911 583 3973 quamquam,
614 3890 771 3973 quomodo
800 3888 884 3971 apud
916 3887 1126 3955 Menandrum
1154 3891 1320 3957 consilium

187 3973 368 4037 institutum
390 3974 495 4055 luent,
516 3996 580 4039 uon
602 3974 760 4038 restituas.

273 4061 341 4124 Act.
364 4057 423 4122 ΙΙΙ.
467 4061 535 4129 lam
551 4059 694 4124 Chaerea
715 4057 853 4125 eunuchi
867 4062 952 4121 veste
966 4056 1097 4123 indutus
1110 4060 1151 4127 ad
1166 4059 1320 4131 Thaidem

1075 4181 1092 4232 3
