2930 4658
710 293 747 353 17

160 499 222 561 quo
253 474 350 553 facti,
387 476 444 539 viri
473 473 558 541 docti
586 475 672 540 inter
692 495 725 539 sc
747 474 949 540 dissentiunt.
994 477 1096 558 Atque
1117 473 1293 540 Granertus

160 563 287 646 quidem
312 560 351 622 de
372 559 482 623 fraude
504 559 617 642 Guyeti
645 559 847 639 cogitandum
877 569 973 643 atque
1002 559 1043 624 ab
1070 581 1108 625 ec
1136 561 1204 644 ipso
1231 558 1292 625 levi

160 647 288 712 homine
311 644 411 709 iactos
432 664 486 708 ees
508 664 577 709 esse
600 645 742 727 putabat.
786 644 848 710 Sed
871 666 908 710 eo
930 665 992 728 que
1007 645 1134 726 scripsit
1151 653 1291 728 tempore

160 732 200 796 de
223 730 282 794 tali
303 730 412 793 fraude
434 730 568 809 cogitari
590 730 725 793 fortasse
746 735 886 812 poterat,
909 750 993 793 nunc
1014 750 1077 792 non
1100 729 1194 805 licet,
1216 749 1292 812 que·

160 818 248 879 niam
277 819 295 877 5
326 814 488 878 codicibus
517 835 583 879 esse
613 816 759 897 antiquos
781 836 835 877 ees
857 815 1103 879 demonstratur.
1145 813 1292 879 Ceterum

161 902 228 984 ipsc
249 899 367 962 refutat
390 901 603 963 coniecturam
626 920 732 976 suam,
766 920 868 982 neque
890 921 963 963 vero
985 919 1006 962 a
1030 919 1170 983 quonam
1192 899 1292 965 lactes

162 1004 213 1049 eos
233 990 324 1067 putet
347 986 486 1066 exponit.
530 983 668 1048 Terentii
690 1005 757 1049 esse
781 991 890 1068 negat,
918 985 993 1067 quia
1015 985 1055 1047 ab
1077 984 1144 1048 eius
1165 992 1234 1048 arte
1256 992 1290 1048 et

46 1134 48 1145 ,
159 1070 318 1150 elegantia
339 1062 505 1149 recedant3
538 1069 617 1132 tales
638 1090 691 1133 ees
715 1090 781 1133 esse
805 1077 910 1153 putat,
936 1074 974 1132 ut
995 1070 1127 1153 antiquo
1150 1075 1291 1166 tempere

158 1154 340 1236 aquodam
363 1154 489 1219 homine
510 1154 601 1218 docto
624 1161 815 1218 retractatus
837 1154 878 1216 sit
902 1152 1038 1218 Andriae
1067 1154 1187 1232 exitus3
1225 1173 1293 1217 erus

158 1239 284 1320 generis
314 1252 409 1321 opera
438 1242 502 1301 iam
533 1239 752 1320 antiquissime
782 1246 923 1321 tempore
952 1239 1048 1303 luisse
1075 1237 1174 1302 addit.
1220 1238 1292 1321 lpse

159 1326 300 1404 Guyetus
322 1324 542 1407 suppositicios
563 1333 595 1387 et
616 1322 763 1388 Terentio
792 1325 887 1407 plane
915 1323 1060 1403 indignos
1087 1344 1140 1387 ees
1163 1322 1292 1388 iudicat.

160 1406 280 1471 Contra
303 1408 493 1471 Ritschelius
521 1412 700 1490 quicunque
732 1409 879 1473 idoneum
910 1426 1000 1471 usum
1023 1408 1213 1472 comicorum
1235 1406 1292 1471 lra-

159 1493 243 1562 beat.
265 1513 356 1575 posse
372 1493 421 1554 vel
442 1494 604 1556 tantillum
628 1494 774 1558 dubitare
798 1501 900 1576 negat,
923 1494 997 1575 quin
1020 1493 1053 1556 in
1077 1493 1158 1556 bone
1180 1500 1213 1557 et
1235 1514 1291 1557 an·

160 1580 248 1658 tique
277 1584 373 1661 poeta
402 1596 573 1652 versemur,
606 1585 701 1660 atque
732 1580 915 1659 gravissima
938 1579 1033 1640 rerba
1055 1577 1094 1640 ad
1119 1575 1200 1640 hanc
1222 1598 1291 1641 sen-

158 1663 291 1727 tentiam
314 1684 404 1726 suam
429 1662 646 1726 affirmandam
669 1662 763 1728 affert
778 1666 812 1745 ¹).
859 1663 943 1726 Nihil
966 1684 1033 1726 esse
1055 1663 1088 1724 in
1111 1661 1180 1725 istis
1196 1662 1290 1725 versi-

156 1748 216 1812 bus
239 1748 323 1830 quod
345 1748 494 1812 Terentio
517 1748 666 1811 Plautove
689 1770 751 1812 non
774 1750 817 1811 sit
838 1747 984 1830 dignum3
1018 1767 1056 1811 ne
1078 1768 1141 1810 uuo
1164 1746 1289 1829 quidem

158 1833 304 1913 exemplo
324 1833 444 1895 ostendi
467 1853 568 1915 pesse,
590 1833 671 1897 tales
692 1853 842 1916 umquam
864 1853 973 1896 versus
994 1853 1013 1895 a
1035 1831 1217 1917 posterioris
1241 1852 1292 1896 ae·

158 1917 236 1980 tatis
256 1915 382 1980 homine
404 1917 507 1981 lactes
528 1938 605 1982 esse.

242 2035 351 2117 Neque
372 2056 445 2099 vero
468 2042 505 2098 ut
525 2035 664 2100 Terentii
694 2035 766 2098 illos
794 2055 902 2099 versus
931 2055 999 2099 esse
1025 2045 1169 2119 putarem
1198 2057 1291 2117 argu-

156 2122 275 2187 mentis
296 2122 361 2184 suis
384 2121 459 2183 mihi
484 2122 650 2203 persuasit.
696 2121 837 2201 Namque
860 2141 931 2182 cum
951 2118 985 2183 hi
1009 2140 1116 2184 versus
1131 2121 1209 2184 adeo
1225 2141 1291 2184 cor·

157 2207 262 2287 rupti,
287 2205 475 2268 Doederlino
498 2213 578 2269 teste
601 2226 748 2286 magnam
772 2211 895 2287 partem
917 2225 1009 2268 sensu
1031 2207 1159 2268 omnino
1181 2226 1292 2270 caren-

159 2297 218 2364 tes,
240 2290 331 2353 nobis
351 2291 458 2352 traditi
482 2292 555 2363 sint.
579 2292 672 2354 nimis
694 2290 845 2354 audacter
867 2295 1082 2354 asseveratum
1101 2299 1187 2374 puto,
1212 2289 1289 2355 nihil

159 2376 201 2438 iis
225 2375 327 2437 inesse
349 2374 429 2455 quod
445 2375 593 2440 Terentio
615 2374 779 2457 indignum
802 2377 851 2438 sit.
898 2373 1025 2453 Accedit
1046 2375 1130 2458 quod
1153 2376 1199 2438 ita
1222 2381 1290 2440 tan-

161 2465 230 2522 tum
255 2459 440 2523 sententiam
464 2482 552 2524 suam
579 2458 769 2524 Ritschelius
791 2460 905 2543 probat
927 2468 963 2522 ut
985 2479 1066 2541 quae
1088 2459 1129 2523 ad
1154 2460 1290 2544 proban·

161 2544 234 2610 dam
264 2545 453 2611 sententiam
482 2546 578 2610 verba
608 2545 789 2629 pertineant
810 2550 912 2609 mutet
934 2543 1034 2627 iisque
1056 2546 1216 2627 permulta
1237 2545 1291 2608 ad·

159 2629 223 2693 dat.
269 2628 377 2712 Neque
400 2633 496 2699 enim,
528 2652 593 2713 qua
622 2637 691 2694 arte
720 2650 820 2712 quave
849 2628 965 2694 inertia
986 2627 1063 2693 facti
1088 2632 1153 2694 sint
1174 2651 1291 2708 versus,

42 2722 43 2727 ’
157 2717 245 2797 prius
267 2715 430 2778 aestimari
452 2716 546 2780 licere
568 2722 671 2799 putat,
694 2736 789 2798 quam
812 2735 831 2778 a
853 2713 984 2789 mendis,
1006 2714 1121 2796 quibus
1135 2714 1289 2789 laborent,

156 2798 314 2882 probabili
330 2802 454 2862 ratione
477 2801 604 2864 liberati
625 2809 657 2867 et
680 2801 712 2863 in
736 2821 805 2864 eam
828 2800 1044 2881 integritatem
1066 2800 1203 2864 restituti
1226 2802 1291 2864 sint

156 2905 221 2966 qua
243 2905 260 2948 e
283 2884 430 2947 manibus
452 2893 563 2966 poetae
585 2886 725 2967 prodisse
747 2906 800 2950 eos
822 2883 972 2948 credibile
993 2885 1042 2946 sit.
1087 2884 1195 2968 Neque
1215 2906 1288 2949 vere

156 2976 242 3032 recte
273 2969 332 3032 hoe
362 2966 498 3047 factum,
531 2977 567 3033 ut
596 2977 697 3034 mutes
724 2978 757 3034 et
779 2969 878 3033 addas
901 2989 938 3033 eo
961 2968 1091 3032 consilio
1113 2976 1149 3033 ut
1171 2969 1287 3035 bonum

45 3092 46 3097 κ
156 3052 276 3115 habeas
297 3061 438 3136 poetam,
462 3054 575 3119 deinde
597 3054 713 3119 bonum
737 3054 845 3118 adesse
869 3059 994 3137 poetam
1016 3051 1102 3135 dicas
1125 3054 1200 3137 quia
1223 3076 1289 3119 om·

156 3137 213 3199 nia
228 3139 345 3217 optime
361 3159 393 3202 se
415 3138 565 3203 habeant.
609 3139 717 3224 Neque
739 3139 766 3203 si
787 3138 883 3202 verba
904 3159 966 3202 non
989 3145 1101 3216 mutes,
1123 3136 1287 3205 Ritsohelii

156 3220 350 3289 sententiam
370 3224 497 3304 probari
518 3245 610 3308 posse
632 3231 719 3308 puto.
764 3224 855 3303 Quid,
878 3222 963 3306 quod
992 3223 1088 3287 etiam
1111 3223 1287 3290 Grauertus

154 3304 301 3382 coniecit,
323 3305 455 3384 addidit,
477 3311 613 3373 mutavit
634 3330 741 3373 versus
762 3310 897 3372 traditos
919 3328 1021 3390 neque
1043 3315 1149 3373 tamen
1168 3308 1287 3387 ‚Teren-

153 3392 199 3456 tio
221 3410 417 3474 quamquam
432 3400 570 3458 mutatos
584 3395 706 3467 tribuit,
728 3394 783 3458 sed
805 3394 926 3461 alienos
941 3392 980 3456 ab
999 3401 1068 3455 arte
1082 3400 1114 3457 et
1129 3392 1287 3475 elegantia

155 3477 221 3539 eius
248 3474 379 3538 iudicat.
431 3476 539 3540 Paullo
568 3485 639 3562 pest
661 3478 851 3543 Ritschclius
878 3483 1083 3542 retractatam
1113 3485 1146 3542 et
1174 3500 1286 3543 scenae

157 3561 334 3624 accessione
356 3567 483 3624 auctam
505 3562 644 3628 fabulam
668 3570 700 3628 et
721 3570 890 3647 utrumque
912 3561 1030 3626 exitum
1053 3558 1192 3627 Terentii
1218 3584 1285 3628 esse

158 3640 249 3723 dicit3
285 3645 318 3708 id
341 3646 419 3710 satis
442 3646 577 3712 diremtu
599 3645 724 3712 difficile
746 3667 827 3722 esse,
861 3652 968 3710 utrum
999 3647 1119 3711 exitum
1148 3649 1283 3733 priorem

157 3725 279 3805 iecerit,
301 3735 408 3793 utrum
431 3734 600 3816 reprobate
623 3733 723 3796 altero
746 3738 856 3814 postea
878 3730 1038 3794 adiecerit.
1080 3731 1189 3814 Neque
1211 3753 1284 3796 vere

155 3810 203 3888 ita
224 3813 252 3874 ei
274 3823 397 3878 constat
419 3816 559 3882 Terentii
581 3838 648 3880 esse
677 3817 811 3879 alterum
841 3816 977 3891 exitum,
1010 3815 1065 3880 sed
1095 3817 1134 3880 de
1162 3815 1285 3879 duobus

152 3896 257 3981 poetis
277 3900 476 3980 cogitandum
501 3908 606 3984 putat,
628 3908 723 3983 atquc
745 3920 816 3985 oum
838 3920 932 3985 saepe
955 3907 1172 3983 repeterentur
1193 3898 1283 3963 fabu-

155 4049 357 4060 ἡ

225 4132 244 4200 ¹)
280 4099 397 4202 parerga
415 4131 474 4185 594.
