2930 4658
688 262 739 363 10¹

140 441 279 507 Andriae
300 444 410 508 eadem
432 442 636 508 inveniantur
657 445 689 508 in
713 445 877 509 Perinthia
891 447 1024 529 quisque
1040 447 1099 510 hoo
1115 447 1190 511 vitio
1205 467 1272 510 rer-

140 533 189 591 tat
210 527 396 592 Menandro.
442 527 524 605 Quid
549 529 634 611 quod
654 529 799 594 Donatus
821 529 914 595 affert
935 531 983 616 (id
998 532 1081 614 quod
1099 533 1162 595 iam
1178 552 1274 615 supra

138 612 467 697 commemoravimus)
488 613 567 677 dnos
590 615 675 679 locos
695 614 832 678 alterum
860 617 902 680 ad
933 636 1040 681 versus
1070 623 1104 680 ll
1136 618 1271 680 alterum

139 697 181 762 ad
203 700 243 760 20
265 698 296 760 in
320 704 456 780 utraque
485 697 596 763 fabula
624 700 744 782 positos
771 701 860 763 esse?
907 703 1008 783 Atque
1037 702 1084 765 ita
1112 708 1272 766 versatum

138 803 206 847 esse
227 780 409 846 Terentium
432 782 464 846 in
487 783 642 848 imitando
657 783 866 848 Menandrum
888 796 975 869 puto,
998 794 1118 850 utnon
1141 786 1274 869 sumptis

138 867 207 932 eins
228 867 345 931 fabulis
366 867 408 931 ad
437 868 566 932 verbum
595 876 794 933 converteret
822 871 908 952 quod
936 871 1080 952 legisset,
1115 870 1171 934 sed
1200 891 1271 934 cum

138 953 278 1018 studiose
300 959 396 1036 atque
418 953 608 1036 compluries
630 974 684 1018 eas
705 954 890 1038 perlegisset
905 957 1045 1038 satisque
1061 956 1213 1019 memoria
1228 961 1272 1018 te·

139 1044 230 1101 neret
258 1043 292 1100 et
323 1042 510 1117 argumenta
543 1045 576 1102 et
603 1038 704 1114 dieta,
742 1038 783 1101 ad
808 1039 1009 1104 scribendum
1039 1061 1072 1103 se
1101 1039 1273 1103 contulisse

139 1121 248 1187 electis
269 1123 308 1186 iis
331 1142 413 1206 quae
435 1130 596 1204 praestare
620 1123 811 1187 viderentur.
857 1126 903 1187 Ex
926 1125 1049 1188 Andria
1078 1126 1175 1204 igitur
1203 1124 1274 1186 tnn-

138 1207 288 1271 damentc
317 1207 435 1290 petito,
468 1208 577 1290 paucis
599 1228 679 1290 quas
701 1208 795 1272 attuli
819 1209 1000 1273 Perinthiae
1022 1209 1124 1273 scenis
1146 1208 1276 1289 additia

139 1312 210 1356 enm
227 1291 409 1356 Perinthiae
431 1294 533 1357 oratio
556 1295 661 1356 minus
682 1293 710 1356 ei
734 1293 876 1377 placeret
889 1314 984 1376 qnam
1002 1294 1140 1357 Andriae
1151 1294 1187 1376 1),
1212 1296 1273 1356 An-

139 1375 228 1441 driae
255 1378 431 1441 oraticnem
461 1377 605 1441 imitatus
634 1383 698 1453 est3
732 1384 874 1443 attamen
907 1400 978 1443 oum
1010 1379 1042 1441 in
1076 1384 1215 1442 mentem
1245 1377 1273 1440 ei

139 1463 300 1528 venissent
313 1460 496 1526 Perinthiae
512 1482 621 1525 versus
638 1468 845 1545 praestantes,
869 1485 922 1527 eos
944 1463 1078 1545 scripsit.
1124 1463 1192 1526 Non
1216 1462 1273 1544 igi·

139 1554 192 1613 tur
215 1547 323 1610 mirari
353 1546 426 1611 licet
455 1549 481 1611 si
514 1547 625 1610 eadem
654 1547 750 1611 verba
774 1547 820 1611 vel
843 1548 972 1613 eaedem
995 1549 1173 1612 sententiae
1194 1567 1273 1631 quas

138 1633 215 1716 quia
243 1630 284 1696 ad
313 1652 425 1695 scenas
458 1653 497 1697 ex
522 1631 642 1697 Andria
670 1637 813 1716 sumptas
841 1634 1018 1717 pertinent,
1049 1634 1081 1695 in
1105 1630 1272 1695 Menandri

141 1717 261 1783 Andria
281 1719 401 1800 positas
423 1716 595 1801 putaveris,
618 1715 649 1778 in
674 1715 838 1780 Perinthia
861 1719 998 1800 scriptae
1020 1717 1116 1780 fuisse
1139 1737 1274 1780 comme·

138 1807 312 1868 morantur.
355 1800 465 1885 Neque
487 1821 559 1867 enm
581 1802 613 1863 in
636 1800 775 1865 eiusdem
797 1805 976 1883 argumenti
999 1801 1116 1866 fabulis
1137 1800 1273 1886 permnl-

138 1895 190 1954 tos
209 1888 295 1952 locos
316 1889 362 1952 ita
384 1891 585 1971 comparatos
607 1905 675 1951 esse
698 1907 822 1949 necesse
855 1888 897 1951 sit
924 1893 961 1950 nt
989 1888 1019 1950 in
1053 1891 1189 1970 utraque
1218 1891 1273 1948 tuo

137 1973 207 2038 iure
229 1993 343 2054 ponas,
377 1971 518 2036 Andriae
544 1971 675 2035 latinae
705 1991 830 2035 scenam
859 1973 1019 2055 quandam
1048 1992 1087 2034 ex
1109 1970 1274 2034 Perinthia

137 2056 328 2123 translatam
351 2079 418 2122 esse
440 2077 477 2120 eo
500 2057 710 2122 demonstrari
732 2056 806 2120 licet
827 2057 910 2140 qnod
935 2057 1148 2139 fragmentum
1166 2055 1272 2118 Perin-

138 2143 225 2206 thiae
255 2142 382 2207 nomine
409 2141 563 2205 traditum
592 2141 624 2202 in
656 2163 695 2206 ea
722 2161 815 2205 scena
845 2143 919 2225 poni
949 2146 1054 2225 potest
1075 2140 1116 2204 ad
1139 2160 1273 2221 eamque

138 2227 285 2311 quadrat.
337 2227 425 2304 Quae
448 2226 629 2290 Perinthiae
659 2226 835 2291 afferuntur
862 2226 1040 2307 fragmenta
1069 2227 1229 2307 pertinent
1245 2226 1273 2303 ²)

137 2313 273 2376 alterum
297 2312 337 2375 ad
362 2311 386 2388 1,
412 2317 437 2386 1,
460 2311 589 2374 tertium
613 2311 653 2375 ad
677 2312 735 2387 ΙΙΙ,
758 2316 787 2388 4,
810 2315 847 2373 21
875 2311 1064 2391 (Gra-nortus
1095 2310 1162 2372 vult
1183 2309 1223 2373 ad
1249 2310 1272 2383 Ι,

138 2396 228 2461 5vel
254 2396 311 2469 111,
335 2400 382 2474 5);
420 2401 569 2478 quartum
597 2402 630 2459 et
661 2397 830 2479 septimum
864 2394 904 2458 ad
929 2397 965 2472 V,
988 2401 1024 2467 4;
1061 2395 1208 2477 quintum
1231 2393 1271 2457 ad

137 2481 162 2558 1,
178 2489 212 2555 4;
235 2486 359 2543 sextum
381 2481 421 2543 ad
445 2480 485 2556 ΙΙ,
503 2485 531 2556 2,
548 2484 597 2545 32.
641 2479 703 2544 Sed
726 2480 806 2553 vide,
830 2501 906 2543 num
929 2481 986 2543 has
1001 2479 1142 2543 Terentii
1161 2498 1272 2542 scenas

136 2586 175 2630 ex
197 2564 361 2629 Perinthia
384 2565 557 2628 translatas
578 2566 712 2643 iudices3
749 2586 823 2629 nam
853 2585 925 2628 curn
952 2564 992 2627 ad
1017 2585 1071 2627 eas
1094 2583 1173 2647 quas
1195 2584 1273 2626 enu-

136 2650 254 2715 meravi
284 2668 395 2712 scenas
418 2649 556 2712 Andriae
577 2671 702 2733 quoque
726 2647 939 2713 Menandreae
969 2649 1147 2730 fragmenta
1175 2648 1272 2731 perti-

136 2741 236 2800 noant
247 2737 285 2812 ³),
318 2734 426 2797 eodem
451 2739 507 2796 tuo
529 2734 597 2798 iure
620 2756 658 2798 ex
683 2735 803 2798 Andria
825 2733 1022 2796 Menandrea
1044 2734 1196 2815 repetitas
1217 2753 1271 2795 eas

136 2824 276 2884 statuas:
316 2818 527 2897 Quamobrem
557 2840 620 2881 non
650 2826 735 2883 reete
762 2818 867 2883 facere
893 2825 971 2901 puto
994 2818 1184 2880 Grauertnm
1208 2817 1271 2881 effi·

136 2906 270 2988 cientem
286 2924 356 2966 -eas
382 2923 493 2967 scenas
521 2903 561 2966 ad
584 2924 664 2986 quas
687 2903 869 2967 Perinthiae
891 2903 1070 2985 fragmenta
1090 2904 1271 2985 pertineant

135 2988 305 3054 Menandri
329 2987 511 3051 Perinthiae
533 2988 719 3052 tribuendas
740 3008 815 3053 esse.
1156 3005 1160 3013 ·

219 3072 280 3136 Sed
304 3071 472 3153 quonimus
488 3072 618 3136 Charini
643 3079 676 3138 et
700 3072 853 3154 Byrrhiae
875 3093 1026 3156 personas
1047 3092 1087 3135 ex
1109 3072 1271 3136 Perinthia

135 3159 167 3222 in
192 3157 344 3221 Andriam
369 3177 458 3219 suam
481 3156 663 3220 Terentium
687 3159 887 3222 transtulisse
909 3163 1056 3239 putemus
1078 3156 1204 3220 obstare
1226 3158 1269 3220 vi-

136 3242 253 3308 dentur
281 3238 402 3305 scholia
431 3248 526 3322 atque
555 3244 737 3305 testimonia
760 3242 875 3306 Donati
906 3242 1033 3305 nomine
1060 3241 1181 3305 addita.
1228 3246 1270 3306 Ac

136 3328 272 3412 primum
288 3326 416 3408 quidem
432 3325 473 3390 ad
486 3326 527 3402 ΙΙ,
543 3331 557 3389 1
575 3326 766 3391 adnotatur:
789 3330 831 3389 Ia
846 3325 903 3388 tor
917 3326 1066 3410 colloquio
1081 3330 1181 3389 altera
1192 3348 1270 3410 pars

190 3483 228 3550 Α)
263 3481 371 3536 facilius
389 3481 475 3541 euim,
500 3482 553 3534 nisi
571 3482 753 3549 praestitisset
770 3482 889 3535 Andriae
906 3472 1007 3548 oratio,
1028 3488 1057 3536 et
1074 3485 1224 3538 orationem
1243 3489 1272 3538 et

137 3551 748 3675 argupnengssazelssterinshlisszregeetlilsfseet.transl
776 3621 858 3675 Germ

205 3624 228 3759 ll
263 3661 389 3746 Andriae·
401 3639 646 3760 fiigmeimrumy
661 3707 731 3758 qnae
748 3660 812 3743 sunt
829 3660 902 3758 apud
919 3690 1058 3754 Meinelre‚
1085 3710 1152 3746 com.
1174 3693 1267 3748 Graec.

135 3763 181 3827 IV,
199 3765 233 3816 83
253 3779 276 3814 e.
294 3781 321 3830 q.
339 3780 359 3814 s.
378 3764 505 3814 octavum
522 3764 551 3812 τί
567 3757 602 3828 δή
621 3759 683 3812 ποτ’
702 3757 825 3821 ἀκούσω,
845 3761 965 3828 pertinet
982 3761 1016 3813 ad
1035 3762 1082 3822 ΙΙΙ,
1101 3765 1124 3824 4,
1142 3764 1172 3816 13
1191 3765 1269 3832 quid·

135 3850 199 3886 nam
218 3832 328 3901 audini,
363 3829 549 3899 fragmentum
572 3849 674 3884 nonum
692 3829 801 3883 ἐνθένδ’
819 3825 974 3900 ἀποφυγὼν
992 3828 1041 3882 οὐκ
1060 3827 1095 3881 ἂν
1112 3826 1270 3902 ἀπολοίμην

137 3903 204 3954 ποτέ
220 3903 254 3955 ad
266 3903 315 3967 ΙΙΙ,
333 3906 356 3968 5,
370 3902 394 3966 ὅ,
413 3919 468 3970 quo
480 3901 540 3955 loeo
552 3906 607 3954 est:
627 3900 741 3952 Posthac
759 3900 913 3952 incolumem
932 3904 975 3952 act
991 3900 1046 3953 scic
1058 3902 1124 3969 fore
1142 3921 1183 3955 me
1201 3922 1269 3956 nuce

136 3972 161 4024 si
178 3971 226 4023 hcc
244 3970 327 4024 deuito
340 3973 457 4035 malam,-
478 3988 593 4039 quorum
605 3972 751 4024 verborum
762 3988 871 4023 sensum
883 3987 942 4023 esse
951 3970 1073 4024 Donatus
1086 3970 1179 4024 affert:
1203 3974 1268 4025 Tam

137 4040 244 4112 difficile
261 4046 299 4092 eat
317 4040 378 4093 Aine
395 4040 504 4092 madae
520 4045 550 4092 ut
567 4039 615 4110 qui
630 4041 690 4092 hinc
708 4041 820 4093 evaserit
835 4039 954 4092 euidenter
967 4039 1125 4092 immortalis
1138 4045 1267 4111 fleturus.-

138 4111 329 4166 duodecimum
347 4099 427 4168 οὗτος
444 4107 525 4168 αὐτός
543 4110 624 4164 ἔστιν,
660 4112 695 4209 ad
712 4111 744 4178 V,
763 4113 833 4178 4,10
851 4112 891 4164 sie
908 4109 982 4164 Crito
1000 4110 1046 4164 hic
1064 4114 1116 4163 est.
